customer_name,phone_number,email,address,state,purchase_date,gold_type,gold_quality,gold_weight,price_per_gram,total_amount,discount_percentage,discount_amount,final_amount,payment_mode,notes
Jiya Kashyap,0494848517,jayeshkadakia@example.org,"64/50, Hari Chowk, Durg-151015",Telangana,2024-05-18,18K,Standard,252.913,5087.97,1286813.76,3.27,42078.81,1244734.95,UPI,
Aaina Kurian,08569991258,iupadhyay@example.net,"H.No. 059, Chaudhry Road, Sambalpur-312718",Andhra Pradesh,2023-12-19,24K,Pure,356.094,6379.14,2271573.48,0.9,20444.16,2251129.32,Cash,
Ehsaan Comar,6332600314,dhawanranbir@example.net,"74/40, Srinivas Nagar, Bhind 214256",Karnataka,2023-12-06,22K,Standard,164.511,6778.76,1115180.59,4.97,55424.48,1059756.11,Bank Transfer,Vel quo numquam labore laborum deserunt.
Tarini Bir,+910684142997,indranilsharma@example.net,"24/854, Sastry Path, Morbi-117915",Delhi,2024-09-11,18K,Pure,457.98,5423.37,2483794.99,4.4,109286.98,2374508.01,Cash,
Tarini Edwin,+911591103560,vivaan81@example.net,"89/971, Sen, Sikar-289462",Karnataka,2025-03-09,22K,Standard,332.495,6422.38,2135409.24,4.96,105916.3,2029492.94,Cash,
Shaan Jhaveri,6117541269,prisha83@example.org,"97, Mander Path, Tinsukia-517812",Telangana,2024-08-20,22K,Pure,483.916,5838.35,2825270.98,2.78,78542.53,2746728.45,Card,
Umang Brahmbhatt,1812001432,onkarkalita@example.org,"31, Raval Path, Dehradun-825778",Karnataka,2025-02-01,18K,Premium,655.191,5649.24,3701331.2,4.15,153605.24,3547725.96,Card,
Vidur Banik,07682292126,divyanshkibe@example.com,"85, Sengupta Nagar, Raurkela Industrial Township 103870",Gujarat,2024-07-21,18K,Pure,391.099,6598.34,2580604.18,0.41,10580.48,2570023.7,Card,
Jivin Lalla,03552888038,pkade@example.com,"086, Iyengar Nagar, Sambhal 462581",Telangana,2025-03-26,18K,Standard,367.982,6678.29,2457490.51,4.05,99528.37,2357962.14,UPI,
Badal Cherian,3687225658,uwali@example.net,"28/044, Bala Circle, Hospet 219843",West Bengal,2024-08-27,24K,Premium,342.884,5422.09,1859147.91,1.04,19335.14,1839812.77,Card,
Reyansh Khare,0178772375,sanghvinirvaan@example.org,"32/96, Aurora Circle, Bihar Sharif-260763",Gujarat,2024-03-24,22K,Pure,193.748,6592.82,1277345.69,3.05,38959.04,1238386.65,Cash,Enim sapiente corrupti odio.
Umang Sandhu,+911813843658,suhanasani@example.net,"16/014, Wali Zila, Karnal-795638",Telangana,2023-08-30,24K,Premium,480.476,6742.81,3239758.38,3.44,111447.69,3128310.69,Card,
Neysa Goyal,02599733342,thakursamiha@example.com,"H.No. 03, Sethi Ganj, Maheshtala 225546",Delhi,2025-04-23,24K,Standard,336.161,6938.98,2332614.46,0.63,14695.47,2317918.99,UPI,
Kartik Singh,+910401363555,bhallamiraan@example.org,"29/763, Grover Street, Arrah-596307",West Bengal,2023-11-16,18K,Pure,973.065,6713.51,6532681.61,1.07,69899.69,6462781.92,Cash,
Seher Dara,09810769296,yashvi17@example.net,"70/44, Magar Path, Kanpur-305191",Andhra Pradesh,2024-06-15,18K,Standard,631.761,5540.17,3500063.34,2.43,85051.54,3415011.8,Card,
Navya Kapur,+913069968723,kuruvillaoorja@example.org,"610, Barman Nagar, Khora  394193",Tamil Nadu,2024-09-21,18K,Premium,298.76,6273.88,1874384.39,2.73,51170.69,1823213.7,Card,Iste maiores aperiam consequatur.
Armaan Wali,04420035448,diya52@example.org,"62, Sem Nagar, Hazaribagh-732871",Tamil Nadu,2024-11-02,18K,Premium,515.019,6966.41,3587833.51,3.8,136337.67,3451495.84,UPI,
Hansh Luthra,2459298800,fateh91@example.com,"H.No. 52, Lall Path, Medininagar 611762",West Bengal,2024-03-10,24K,Premium,314.29,6697.18,2104856.7,2.83,59567.44,2045289.26,UPI,Sequi nobis perspiciatis.
Devansh Hans,+912869089148,kabirgala@example.org,"982, Walla Nagar, Kalyan-Dombivli 218648",Maharashtra,2024-03-03,18K,Standard,939.142,5682.31,5336495.98,2.81,149955.54,5186540.44,Cash,Eveniet esse aliquam occaecati corporis.
Anya Sangha,4998393128,khushi11@example.org,"H.No. 947, Gole Ganj, Vijayanagaram 958249",Karnataka,2023-12-07,24K,Premium,99.473,5627.95,559829.07,0.76,4254.7,555574.37,UPI,Commodi culpa ab suscipit deleniti corporis.
Akarsh Bains,04109881544,shlokranganathan@example.org,"59, Sami Chowk, Rewa-172947",Kerala,2024-07-19,24K,Pure,685.863,6677.93,4580145.1,4.45,203816.46,4376328.64,Cash,
Vardaniya Dass,+911078894078,himmatkrishnamurthy@example.net,"H.No. 29, Krishnamurthy Nagar, Jamshedpur-842931",Rajasthan,2024-08-22,22K,Premium,189.636,6335.25,1201391.47,1.33,15978.51,1185412.96,Cash,
Hazel Sama,02197719718,kalefateh@example.com,"H.No. 798, Yogi Zila, Delhi 601221",Maharashtra,2023-09-06,22K,Pure,249.181,6123.25,1525797.56,0.41,6255.77,1519541.79,Card,
Shalv Soni,4105567838,uanand@example.org,"06/965, Konda Zila, Ranchi 196521",Tamil Nadu,2024-06-03,18K,Standard,421.143,6122.57,2578477.5,4.23,109069.6,2469407.9,Card,Ex architecto culpa voluptas at accusamus.
Indranil Chowdhury,08447726284,vsunder@example.com,"H.No. 806, Bhalla Zila, Tirunelveli-828914",Tamil Nadu,2024-10-08,22K,Pure,803.346,5330.98,4282621.46,1.12,47965.36,4234656.1,Bank Transfer,
Manikya Tata,08334958540,vanyarout@example.com,"H.No. 548, Kurian Ganj, Guntur-439901",Kerala,2024-07-14,24K,Standard,429.964,5033.06,2164034.61,0.23,4977.28,2159057.33,Bank Transfer,Magnam dolorum eveniet deserunt omnis sed.
Riaan Sandal,3543426604,ssodhi@example.org,"22, Datta Nagar, Muzaffarpur-331277",Tamil Nadu,2025-01-23,24K,Standard,162.489,6629.91,1077287.45,2.44,26285.81,1051001.64,Cash,
Uthkarsh Dada,6016884834,kimayabawa@example.org,"83/19, Dhar Ganj, Aizawl-066762",Tamil Nadu,2024-04-29,22K,Standard,672.482,5965.09,4011415.65,1.45,58165.53,3953250.12,UPI,Eaque quam iure ratione nihil.
Hansh Acharya,00223925143,sankardhanush@example.com,"353, Gokhale Chowk, Rajahmundry 300376",Telangana,2024-03-27,24K,Pure,169.009,5908.21,998540.66,1.41,14079.42,984461.24,Bank Transfer,
Jayan Yogi,+913564890596,valajayan@example.net,"256, Bahri Street, Patiala-600382",Karnataka,2024-02-27,18K,Premium,649.915,6957.98,4522095.57,2.82,127523.1,4394572.47,Cash,Consequuntur fuga odit vel id eum magni.
Shlok Malhotra,+910863413108,kaira73@example.com,"H.No. 01, Dhar Marg, Ambala-556289",Tamil Nadu,2024-12-06,18K,Pure,811.066,5944.83,4821649.49,1.04,50145.15,4771504.34,Bank Transfer,
Lakshit Mander,+916249430902,agatesaanvi@example.org,"287, Kar Ganj, Kakinada-010028",Tamil Nadu,2024-07-31,18K,Pure,823.195,6813.38,5608740.35,3.5,196305.91,5412434.44,UPI,
Chirag Mani,+918171830994,sgrover@example.com,"H.No. 498, Bhandari Road, Ichalkaranji-468186",Tamil Nadu,2024-05-20,22K,Standard,713.983,6582.48,4699778.82,0.45,21149.0,4678629.82,Card,
Badal Aurora,+917119843339,rjoshi@example.org,"H.No. 48, Sharma Nagar, Guntur 033444",Delhi,2023-11-14,24K,Pure,638.08,5233.05,3339104.54,2.31,77133.31,3261971.23,Cash,Sapiente quisquam facere voluptates laudantium possimus consequuntur tenetur.
Drishya Balasubramanian,2396825860,lankaanvi@example.net,"H.No. 151, Varkey Street, Ludhiana-653907",Maharashtra,2023-11-18,24K,Standard,813.444,5549.26,4514012.25,0.98,44237.32,4469774.93,Bank Transfer,Optio reprehenderit ratione.
Emir Kala,4675646923,aaryahisarraf@example.org,"736, Devan Marg, Chinsurah 321352",Gujarat,2025-01-07,22K,Pure,311.423,6639.88,2067811.35,1.17,24193.39,2043617.96,Card,Voluptate impedit impedit.
Faiyaz Lall,9278072400,arorakiaan@example.com,"H.No. 03, Keer Chowk, Karaikudi-430861",Gujarat,2024-04-19,18K,Standard,505.385,6402.17,3235560.69,1.62,52416.08,3183144.61,Bank Transfer,
Divyansh Bhatt,3205903291,kanav14@example.com,"98/177, Rajagopal Zila, Srikakulam 601337",Karnataka,2024-03-17,22K,Pure,85.609,5574.78,477251.34,4.31,20569.53,456681.81,Bank Transfer,Dignissimos ipsa ad eaque quibusdam.
Urvi Srivastava,+915621002573,uchaudhuri@example.org,"H.No. 06, Contractor Path, Hosur 764074",Gujarat,2023-08-18,24K,Premium,106.554,5635.48,600482.94,4.51,27081.78,573401.16,Card,Placeat repellendus nulla error.
Arnav Bandi,+916543475899,kavya13@example.net,"256, Bahl Nagar, Mira-Bhayandar-530779",West Bengal,2024-03-05,24K,Standard,515.923,5678.02,2929421.11,3.12,91397.94,2838023.17,Bank Transfer,
Aaina Gokhale,05814275471,malhotragatik@example.net,"45/39, Khanna Ganj, Phusro-022082",Karnataka,2024-08-08,24K,Pure,511.456,6332.28,3238682.6,2.8,90683.11,3147999.49,Card,
Prisha Iyengar,0605281830,krishnamurthyojas@example.org,"H.No. 958, Korpal Marg, Bhatpara 663058",Telangana,2023-09-13,18K,Standard,811.862,6864.3,5572864.33,0.26,14489.45,5558374.88,Cash,
Riya Shenoy,06265278340,bansalneelofar@example.com,"H.No. 30, Vohra Circle, Orai 484879",Gujarat,2025-02-13,22K,Standard,891.466,5909.36,5267993.52,2.19,115369.06,5152624.46,Bank Transfer,Quos iste minima placeat porro alias.
Riaan Tak,1024926860,baijudevi@example.com,"H.No. 396, Bhattacharyya Path, Surendranagar Dudhrej-742781",Andhra Pradesh,2024-05-14,18K,Premium,425.766,5686.18,2420982.11,3.33,80618.7,2340363.41,Card,
Heer Kannan,4846849335,dharmajan34@example.org,"62/504, Dutta Zila, Sonipat-933092",Andhra Pradesh,2024-06-25,24K,Pure,446.015,5401.39,2409100.96,4.41,106241.35,2302859.61,UPI,
Samarth Garg,+916115048324,aravi@example.net,"672, Bhatnagar, Chandigarh 836138",Telangana,2023-12-08,18K,Standard,224.974,6345.65,1427606.26,0.93,13276.74,1414329.52,UPI,Aut at aperiam magnam molestias.
Shayak Sengupta,05294573198,jlall@example.com,"H.No. 53, Bakshi Street, Dewas-164002",Gujarat,2024-09-22,18K,Pure,846.949,6005.53,5086377.63,1.93,98167.09,4988210.54,Cash,
Tanya Dani,03320897034,nitya75@example.net,"957, Samra Circle, Sambalpur-964572",Maharashtra,2024-12-31,22K,Pure,800.665,6825.27,5464754.8,3.04,166128.55,5298626.25,Cash,
Misha Sharaf,+915774483074,riyachanda@example.org,"207, Sandal Chowk, Amroha-036797",Telangana,2023-11-16,22K,Pure,166.613,6200.68,1033113.9,2.22,22935.13,1010178.77,Card,
Jayan Sura,+917700935282,aarav34@example.com,"H.No. 70, Soni Ganj, Bharatpur-010123",Andhra Pradesh,2025-03-13,22K,Pure,119.502,5548.93,663108.23,1.79,11869.64,651238.59,Card,
Mamooty Wali,+914855938049,kondamohanlal@example.net,"H.No. 922, Chhabra Chowk, Bhubaneswar 050669",West Bengal,2025-02-11,24K,Pure,503.047,5422.41,2727727.08,1.08,29459.45,2698267.63,Bank Transfer,
Myra Sood,6668007504,nehmat04@example.com,"325, Karpe Road, Ramgarh-668033",Rajasthan,2025-02-25,24K,Premium,978.991,5035.9,4930100.78,4.06,200162.09,4729938.69,Cash,
Lakshay Vohra,5498265394,aradhya11@example.net,"H.No. 445, Zacharia Chowk, Navi Mumbai 835326",Karnataka,2025-02-09,18K,Standard,653.962,6204.13,4057265.26,1.38,55990.26,4001275.0,UPI,
Eshani Datta,8003846202,shlokmallick@example.com,"67, Doctor Marg, Chittoor-989461",West Bengal,2023-08-24,18K,Standard,500.541,6089.19,3047889.25,0.26,7924.51,3039964.74,Card,
Charvi Vig,05266036562,himmatbajwa@example.com,"36/257, Randhawa Ganj, Gorakhpur-485251",Maharashtra,2023-09-21,24K,Standard,659.592,5860.61,3865611.47,3.81,147279.8,3718331.67,Bank Transfer,In aspernatur ullam veritatis at.
Madhup Tak,6858952578,bgarg@example.net,"H.No. 069, Bhalla Ganj, Alwar 941077",Gujarat,2024-06-24,22K,Premium,501.771,5599.75,2809792.16,0.39,10958.19,2798833.97,Card,
Tiya Gandhi,1029006009,inaaya-85@example.org,"07/02, Karnik Chowk, Nellore 609232",West Bengal,2023-11-11,22K,Pure,356.449,5155.98,1837843.92,2.11,38778.51,1799065.41,Card,
Saanvi Ben,+915027529226,ramannavya@example.com,"35, Karnik Marg, Ambattur-377688",Gujarat,2023-12-27,22K,Premium,403.255,6107.1,2462718.61,3.33,82008.53,2380710.08,Cash,Earum eius praesentium soluta.
Khushi Sibal,07961772300,banerjeedivit@example.com,"03/08, Bhavsar Ganj, Sambalpur 408919",Rajasthan,2024-03-07,24K,Pure,878.158,6294.82,5527846.54,0.14,7738.99,5520107.55,Card,
Stuvan Gill,01930652882,hanshsarna@example.net,"06/163, Dhar Ganj, Hubli–Dharwad 539384",Kerala,2023-12-19,24K,Standard,386.383,5205.39,2011274.2,0.12,2413.53,2008860.67,Card,
Ishaan Sachdev,+912043028039,mangatsamaira@example.com,"47/68, Choudhury Nagar, Panipat-029733",Telangana,2023-11-27,22K,Pure,251.293,6816.83,1713021.66,0.09,1541.72,1711479.94,Card,Ducimus alias excepturi similique facere error quaerat.
Yashvi Bajaj,01653299212,ogoda@example.com,"11, Salvi, Dharmavaram-238240",Maharashtra,2023-11-09,24K,Pure,797.475,6877.74,5484825.71,4.85,266014.05,5218811.66,Bank Transfer,
Madhup Krishnamurthy,+911314579175,inaaya-mammen@example.com,"H.No. 29, Koshy Street, Shivpuri 191186",Telangana,2023-09-15,22K,Pure,869.004,5693.93,4948047.95,1.28,63335.01,4884712.94,Bank Transfer,
Aayush Vasa,+910161938572,vkumer@example.net,"67/11, Thaman Chowk, Delhi 072451",Maharashtra,2024-12-24,22K,Standard,626.778,6016.25,3770853.14,2.57,96910.93,3673942.21,Cash,Soluta non earum veritatis modi dicta.
Krish Seth,07993734049,sahanirvi@example.net,"H.No. 18, Dalal Path, Bellary 472307",Karnataka,2024-10-27,24K,Pure,660.151,6133.78,4049221.0,2.31,93537.01,3955683.99,Bank Transfer,Atque aliquam veniam quam.
Farhan Ganesh,0968863794,anahita25@example.net,"14/33, Ratti Nagar, Khammam-864629",Rajasthan,2024-12-16,22K,Premium,452.105,5334.75,2411867.15,4.31,103951.47,2307915.68,Cash,
Inaaya  Basu,2809460301,ibadami@example.com,"69, Keer, Rampur-871405",Delhi,2024-02-02,22K,Premium,26.767,6151.78,164664.7,0.2,329.33,164335.37,Bank Transfer,
Ivana Hora,+919430455415,wguha@example.net,"H.No. 929, Manda Chowk, Khandwa 793806",Karnataka,2024-12-29,22K,Pure,992.071,5169.15,5128163.81,2.94,150768.02,4977395.79,Cash,Labore quod eos magnam.
Nayantara Lala,06830682694,kiaan22@example.org,"456, Chandra Marg, Agra 410836",Delhi,2023-07-17,18K,Standard,375.415,5555.85,2085749.43,0.47,9803.02,2075946.41,Card,
Amira Raju,09145508252,drishya60@example.net,"H.No. 562, Thakkar Marg, Phusro-390430",Maharashtra,2023-07-28,24K,Pure,507.476,5418.13,2749570.94,0.59,16222.47,2733348.47,Bank Transfer,Nisi nisi odit.
Zeeshan Dara,2007041819,lgrover@example.net,"733, Bahl Circle, Miryalaguda 303523",Karnataka,2023-10-30,24K,Standard,661.85,5735.0,3795709.75,1.41,53519.51,3742190.24,Bank Transfer,
Lagan Dayal,3960000455,hazellal@example.org,"435, Shankar Road, Ramgarh 930418",Karnataka,2024-06-20,22K,Premium,579.146,5829.41,3376079.48,1.02,34436.01,3341643.47,Cash,
Biju Andra,+917180468252,thakershamik@example.net,"62, Sampath Circle, Danapur-627738",West Bengal,2024-09-01,18K,Standard,870.598,5162.24,4494235.82,2.51,112805.32,4381430.5,Bank Transfer,
Yashvi Tandon,+910334031251,sinhanitara@example.net,"30, Hayer Street, Latur-511083",Delhi,2023-11-15,18K,Premium,889.763,5345.1,4755872.21,2.99,142200.58,4613671.63,Bank Transfer,
Ivan Loyal,08272766556,vanyarajagopalan@example.org,"H.No. 21, Sama Nagar, Berhampur-541133",Maharashtra,2023-11-10,22K,Premium,833.681,6120.46,5102511.21,3.08,157157.35,4945353.86,Card,
Ishaan Tara,+911491687128,raunaksehgal@example.net,"77/494, Sama Circle, Giridih-771079",Delhi,2024-03-09,22K,Premium,1.78,5244.69,9335.55,2.4,224.05,9111.5,Cash,
Ela Joshi,+916979549493,sathevanya@example.com,"82/093, Kar Road, Kottayam-551666",West Bengal,2023-09-03,18K,Premium,802.805,5124.78,4114199.01,2.57,105734.91,4008464.1,Cash,
Shlok Tripathi,+918346751255,mvyas@example.net,"964, Bhargava Nagar, Tirunelveli 865532",Gujarat,2024-10-29,18K,Pure,56.712,6439.9,365219.61,4.5,16434.88,348784.73,Bank Transfer,Libero iusto nisi aperiam laudantium nulla.
Taimur Tailor,+912400607088,yogisana@example.com,"046, Barad Nagar, Erode-370458",Gujarat,2024-06-11,22K,Premium,242.861,6713.44,1630432.75,4.97,81032.51,1549400.24,Cash,Mollitia error voluptatibus soluta reiciendis.
Saanvi Magar,+917541554325,tailorzara@example.net,"19/59, Aggarwal Circle, Hubli–Dharwad-555655",Kerala,2024-07-14,24K,Standard,673.623,6104.24,4111956.46,2.98,122536.3,3989420.16,Cash,
Azad Madan,07562378767,ravaljhanvi@example.net,"44/51, Bansal Street, Latur 469824",Gujarat,2023-07-22,22K,Premium,293.874,5871.85,1725584.05,2.76,47626.12,1677957.93,UPI,
Ishita Gara,+919246422638,gdesai@example.net,"775, Bobal Ganj, Kottayam-638199",Rajasthan,2023-12-26,18K,Standard,386.412,6595.13,2548437.37,1.45,36952.34,2511485.03,Bank Transfer,Voluptatibus aperiam et reiciendis ex voluptates perspiciatis.
Reyansh Manne,9902252759,trisha62@example.org,"H.No. 64, D’Alia Marg, Ahmednagar 515411",Andhra Pradesh,2024-03-18,24K,Premium,638.451,5575.53,3559702.7,4.07,144879.9,3414822.8,Card,Deserunt maiores natus quos maiores labore nostrum.
Emir Anne,8198688669,singhaniruddh@example.net,"580, Basu Zila, Nagercoil 984065",Rajasthan,2024-05-11,18K,Premium,638.782,6314.7,4033716.7,3.61,145617.17,3888099.53,Cash,
Ehsaan Sridhar,06769706280,ebuch@example.com,"94, Suresh Road, Ongole-800904",Telangana,2024-05-11,18K,Standard,170.719,6717.36,1146780.98,0.34,3899.06,1142881.92,UPI,
Sara Wali,9405394828,johalbhamini@example.org,"H.No. 672, Shanker Chowk, Buxar-325726",Gujarat,2025-03-27,18K,Pure,95.519,5851.04,558885.49,2.68,14978.13,543907.36,UPI,Dolorum unde non ut deleniti officiis ab.
Akarsh Thaman,1925969639,smanne@example.org,"H.No. 894, Rana Road, Kulti-049505",West Bengal,2024-05-10,18K,Premium,983.174,5475.05,5382926.81,0.92,49522.93,5333403.88,UPI,Officia facere aperiam magni perspiciatis placeat.
Ishita Saran,4300572488,uchada@example.net,"24/797, Mangat Ganj, Dhule 309743",Telangana,2024-05-04,22K,Pure,743.599,6424.24,4777058.44,1.09,52069.94,4724988.5,Card,
Vivaan Kant,05935285305,priyanshgarde@example.com,"40/68, Mallick Street, Dehri 912921",Kerala,2023-06-17,24K,Premium,723.409,5167.82,3738447.5,3.94,147294.83,3591152.67,UPI,
Romil Sathe,00430828572,chanderuthkarsh@example.net,"97, Baral Path, Aizawl 073808",West Bengal,2024-02-19,22K,Pure,553.27,5600.21,3098428.19,0.33,10224.81,3088203.38,Card,
Kaira Varkey,03544386299,luthravidur@example.org,"14, Thakur Street, Parbhani-990682",Gujarat,2024-12-16,24K,Standard,721.445,5513.48,3977672.58,3.93,156322.53,3821350.05,Bank Transfer,
Stuvan Ahluwalia,9899595840,yasmin19@example.net,"80, Ganesan Nagar, Burhanpur 581150",Maharashtra,2024-04-16,24K,Standard,608.222,6836.86,4158328.66,4.95,205837.27,3952491.39,Bank Transfer,
Darshit Mallick,+911763676836,taranthaker@example.net,"H.No. 129, Ghose Circle, Jehanabad 687217",Telangana,2024-03-20,24K,Standard,138.323,6325.2,874920.64,0.2,1749.84,873170.8,Bank Transfer,
Divij Arora,9019616175,doshiyuvraj@example.com,"283, Bal Circle, Malegaon-632918",Delhi,2023-10-12,24K,Standard,19.193,5771.99,110781.8,4.23,4686.07,106095.73,Card,Ab dicta molestias.
Lagan Lal,05289195902,jayesh51@example.net,"33, Barman Zila, Jamshedpur 612762",Maharashtra,2023-10-24,18K,Pure,889.139,6380.82,5673435.91,0.75,42550.77,5630885.14,Card,Similique unde veniam voluptate nostrum quia.
Aayush Halder,03706554839,purabdhillon@example.org,"H.No. 063, Sunder Nagar, Jamshedpur-833759",Delhi,2024-09-14,22K,Pure,893.029,5395.73,4818543.37,2.31,111308.35,4707235.02,UPI,
Madhup Sachdev,+910685937749,alia99@example.org,"H.No. 828, Saxena, Unnao-168357",Rajasthan,2025-04-01,18K,Standard,891.797,6278.7,5599325.82,2.22,124305.03,5475020.79,UPI,
Shayak Amble,0590118647,armaandara@example.org,"81/07, Ray Circle, New Delhi 194224",Karnataka,2025-02-13,18K,Premium,836.088,5213.87,4359254.14,0.8,34874.03,4324380.11,Bank Transfer,
Armaan Chawla,06583181990,khushisura@example.com,"10, Saraf, Ichalkaranji 572021",Rajasthan,2025-02-15,24K,Standard,661.948,5018.18,3321774.21,3.73,123902.18,3197872.03,Cash,Recusandae quam dolores.
Jayant Rau,03509478770,oorja62@example.net,"07/614, Kapoor Path, Solapur-740185",Tamil Nadu,2024-12-26,24K,Standard,917.809,5532.64,5077906.79,3.27,166047.55,4911859.24,UPI,
Kavya Vohra,+910302501842,reyanshsarna@example.net,"93, Seth Nagar, Sri Ganganagar-020442",Delhi,2023-10-17,22K,Standard,899.903,5259.46,4733003.83,0.11,5206.3,4727797.53,UPI,Doloremque nesciunt esse tempora ut quam sed.
Krish Varughese,3630334310,faiyaz25@example.com,"H.No. 258, Bora Circle, Thrissur-930542",Telangana,2024-08-13,18K,Pure,138.156,6311.12,871919.09,1.84,16043.31,855875.78,Cash,
Pranay Chad,03874288368,dhanush55@example.org,"503, Ahluwalia, Kavali-580028",West Bengal,2024-05-24,24K,Pure,531.735,5745.03,3054833.53,4.2,128303.01,2926530.52,UPI,
Siya Deol,00933961760,divitbarman@example.org,"H.No. 144, Lad Path, Thanjavur 123909",West Bengal,2024-08-07,22K,Premium,984.427,6121.6,6026268.32,1.75,105459.7,5920808.62,Cash,
Kartik Rastogi,00278594017,madhup20@example.com,"H.No. 417, Mangal Road, Farrukhabad 441810",Maharashtra,2025-02-07,18K,Premium,806.569,6836.92,5514447.73,0.6,33086.69,5481361.04,Card,
Ranbir Loke,8013073361,onkar05@example.com,"22/50, Wason Circle, Shimla 368769",Rajasthan,2023-08-15,18K,Pure,631.15,6543.0,4129614.45,1.99,82179.33,4047435.12,Card,Illum eveniet nostrum ratione sint ratione veniam.
Kavya Gupta,05597215394,idin@example.com,"600, Bal Path, Mysore 615454",Rajasthan,2024-07-08,22K,Premium,3.625,5386.43,19525.81,2.5,488.15,19037.66,Card,
Aayush Rajan,+918436724518,yshere@example.net,"745, Batra Ganj, Ratlam 345886",Tamil Nadu,2025-02-05,24K,Pure,715.799,5968.29,4272096.01,0.91,38876.07,4233219.94,Bank Transfer,Magnam harum temporibus deserunt.
Taimur Vala,09767502726,krish71@example.com,"58/75, Rout Marg, Vadodara 332289",Gujarat,2023-08-24,24K,Premium,213.887,5058.72,1081994.44,2.09,22613.68,1059380.76,UPI,
Himmat Lala,9137397848,hunarbhardwaj@example.net,"H.No. 03, Bhandari Ganj, Aligarh 623707",Telangana,2025-05-04,18K,Pure,693.411,6031.8,4182516.47,0.12,5019.02,4177497.45,Cash,Quo saepe nemo reprehenderit excepturi.
Anahita Sunder,+919360996495,ranbirkota@example.org,"91, Agate Zila, Aizawl-535783",Kerala,2024-10-28,24K,Premium,723.375,5385.29,3895584.15,1.28,49863.48,3845720.67,UPI,
Anika Dhaliwal,+917013081896,lakshitsamra@example.org,"67/35, Sodhi, Kanpur 347299",Maharashtra,2023-08-12,24K,Premium,875.191,6430.09,5627556.9,3.02,169952.22,5457604.68,UPI,
Advik Dara,8862914159,ckapur@example.com,"H.No. 475, Chahal Street, Guwahati 071328",Delhi,2024-03-06,24K,Pure,503.896,5055.25,2547320.25,1.77,45087.57,2502232.68,Cash,
Kiara Krishna,+911301367946,adah92@example.net,"04, Bath Ganj, Mau 343505",Gujarat,2023-06-08,18K,Pure,880.613,6810.87,5997740.66,1.72,103161.14,5894579.52,Cash,
Yakshit Tiwari,08174100486,barmansamar@example.net,"830, Kata Chowk, Begusarai 258400",West Bengal,2024-05-01,24K,Pure,147.066,5385.94,792088.65,0.81,6415.92,785672.73,Bank Transfer,
Inaaya  Ahluwalia,02233156425,balakrishnanmiraya@example.net,"41/117, Bedi Circle, Panvel-757964",Tamil Nadu,2025-01-11,24K,Pure,277.802,6897.44,1916122.63,2.82,54034.66,1862087.97,Cash,
Nitya Kapoor,06570850413,deshmukhjivika@example.org,"H.No. 32, Buch Road, Thanjavur-697730",Telangana,2024-01-02,24K,Standard,528.646,6528.59,3451312.99,2.9,100088.08,3351224.91,Bank Transfer,
Vritika Biswas,09052626225,chanaranbir@example.com,"01/905, Randhawa, Haridwar-612611",Kerala,2023-10-12,24K,Standard,581.818,5906.69,3436618.56,4.85,166676.0,3269942.56,Card,
Elakshi Badami,06284105841,khushi52@example.com,"49, Hegde Street, Madhyamgram 201805",Gujarat,2024-10-26,24K,Standard,421.973,5613.7,2368829.83,2.08,49271.66,2319558.17,Card,
Aradhya Dhaliwal,04222093669,ramaindrajit@example.com,"H.No. 892, Solanki Marg, Bharatpur 254889",Andhra Pradesh,2023-06-25,18K,Pure,379.755,5939.0,2255364.94,0.33,7442.7,2247922.24,UPI,
Armaan Barad,+914460133176,rhea82@example.com,"65, Sehgal Chowk, Nagaon-672669",Maharashtra,2024-10-29,24K,Pure,879.86,6813.31,5994758.94,0.63,37766.98,5956991.96,Card,
Nirvi Vohra,+912137060694,aarav43@example.net,"55, Dubey Road, Gopalpur-739869",Gujarat,2024-12-19,24K,Premium,682.599,5178.89,3535105.14,2.79,98629.43,3436475.71,Bank Transfer,Odio magnam corrupti impedit hic nam.
Ojas Mallick,0841677261,piyaloyal@example.org,"H.No. 911, Ray Chowk, Nagaon 184404",Karnataka,2024-01-12,18K,Standard,449.67,5113.07,2299194.19,2.82,64837.28,2234356.91,Cash,Nihil corrupti perferendis alias.
Miraan Zachariah,+911874835153,qkala@example.net,"322, Bhakta Zila, Howrah 969709",Telangana,2024-07-18,18K,Standard,333.528,6868.43,2290813.72,3.96,90716.22,2200097.5,Bank Transfer,
Biju Uppal,09135406422,navya40@example.net,"767, Mann Circle, Mathura-117488",Rajasthan,2024-12-12,22K,Premium,959.508,6889.41,6610444.01,2.46,162616.92,6447827.09,Bank Transfer,Vel deleniti quis.
Madhav Maharaj,+917047107638,rattaela@example.org,"H.No. 731, Lad Ganj, Ghaziabad 279351",Karnataka,2025-03-05,24K,Pure,924.313,6641.82,6139120.57,2.09,128307.62,6010812.95,Bank Transfer,
Indrajit Tripathi,+918804672935,anahisura@example.com,"98/47, Johal Road, Rampur 166146",West Bengal,2023-06-10,18K,Premium,314.738,5819.55,1831633.53,3.22,58978.6,1772654.93,Card,
Anvi Acharya,02527147039,daminimall@example.com,"20/764, Shetty Street, Bidhannagar 429699",Gujarat,2023-11-10,18K,Pure,581.973,5247.34,3053810.2,3.89,118793.22,2935016.98,UPI,
Anvi Korpal,0389120601,tanejabiju@example.com,"H.No. 59, Krishna Zila, Raurkela Industrial Township 813694",Delhi,2025-03-02,22K,Standard,312.963,6019.97,1884027.87,3.81,71781.46,1812246.41,Cash,Asperiores repudiandae vitae culpa numquam omnis.
Saanvi Shetty,0995526867,gadeshamik@example.com,"02, Rama Circle, Bathinda-149630",Kerala,2023-08-13,22K,Premium,115.267,6565.39,756772.81,2.67,20205.83,736566.98,Bank Transfer,
Aradhya Hans,8396249066,hsetty@example.com,"458, Kadakia Ganj, Udaipur 474644",Gujarat,2023-12-29,24K,Standard,876.663,6815.12,5974563.54,4.59,274232.47,5700331.07,Card,
Ehsaan Varty,+915152172251,nirvaan85@example.net,"49/718, Balasubramanian Marg, Thiruvananthapuram-008110",Delhi,2024-04-15,18K,Premium,490.834,6116.98,3002421.76,3.01,90372.89,2912048.87,Bank Transfer,
Aarna Rajagopalan,+913027912308,butalaoorja@example.org,"16, Roy, Ramgarh-784390",Rajasthan,2024-09-24,18K,Pure,266.439,6494.35,1730348.12,2.75,47584.57,1682763.55,Cash,
Jayesh Bal,07229874073,tushar94@example.org,"H.No. 747, Bassi Circle, Tiruppur-259512",Telangana,2024-07-05,22K,Standard,644.806,5673.24,3658139.19,1.31,47921.62,3610217.57,Card,Libero repellat molestiae earum perferendis sapiente.
Badal Sengupta,+917950282566,sarineshani@example.org,"05/584, Sehgal Chowk, Guna 022235",West Bengal,2025-04-18,22K,Standard,494.989,5023.45,2486552.49,2.73,67882.88,2418669.61,Bank Transfer,
Emir Baria,+913936563269,zkari@example.com,"38/98, Singh Marg, Morena-338575",Rajasthan,2024-04-19,22K,Standard,993.214,5283.97,5248112.98,3.43,180010.28,5068102.7,Bank Transfer,
Lakshit Sehgal,06677030965,gokhaleamira@example.com,"011, Dhar Road, Yamunanagar-354170",Maharashtra,2023-11-10,22K,Standard,880.189,6200.08,5457242.22,4.76,259764.73,5197477.49,Bank Transfer,Nostrum porro quo nobis quas totam tempora.
Zoya Tiwari,7778819379,mishti65@example.com,"673, Chanda Zila, Rampur 866133",West Bengal,2025-02-03,18K,Standard,507.233,6231.29,3160715.92,3.97,125480.42,3035235.5,Card,
Fateh Dey,5741914593,ukota@example.com,"60, Vaidya Street, Thanjavur-733483",Tamil Nadu,2024-09-30,18K,Pure,533.177,5214.46,2780230.14,0.68,18905.56,2761324.58,Cash,
Jayant Saxena,08510098797,dalalnitya@example.net,"978, Kaur Chowk, Dehradun-439281",Rajasthan,2024-02-09,18K,Premium,283.911,6792.2,1928380.29,3.77,72699.94,1855680.35,Cash,Hic expedita id eaque ea tempora numquam voluptas.
Bhamini Ahluwalia,08726533448,badamiadvik@example.com,"H.No. 99, Iyer, Pali-829634",Tamil Nadu,2025-05-15,22K,Pure,877.801,6348.1,5572368.53,1.91,106432.24,5465936.29,Cash,
Eshani Khosla,1756241894,salvimadhav@example.net,"09, Bava Path, Coimbatore 232021",Maharashtra,2024-05-09,24K,Premium,785.625,5896.55,4632477.09,1.44,66707.67,4565769.42,Bank Transfer,Repudiandae pariatur quos eos.
Kanav Krish,03149235422,vbatra@example.com,"12/797, Barad Marg, Tadipatri-100537",Andhra Pradesh,2023-06-01,22K,Premium,320.808,6067.26,1946425.55,3.88,75521.31,1870904.24,UPI,
Advika Chatterjee,+919807815331,elakshi94@example.com,"414, Iyengar, Madurai 382379",Delhi,2023-06-28,22K,Premium,901.077,6336.68,5709836.6,2.63,150168.7,5559667.9,UPI,Sint ex aperiam delectus.
Manjari Sabharwal,+910186241880,qshroff@example.com,"H.No. 66, Yadav Road, Narasaraopet-691139",Rajasthan,2024-03-06,18K,Standard,653.35,5523.67,3608889.79,4.49,162039.15,3446850.64,UPI,
Yuvraj  Raj,05033138085,mangatraghav@example.net,"659, Brar Circle, Sultan Pur Majra 697299",Tamil Nadu,2023-08-03,24K,Standard,29.891,6020.04,179945.02,1.83,3292.99,176652.03,Cash,
Lagan Gala,9261856530,regezain@example.org,"H.No. 91, Bansal Street, Vadodara-957166",West Bengal,2024-11-12,24K,Premium,766.66,5341.42,4095053.06,1.39,56921.24,4038131.82,Bank Transfer,
Jayant Solanki,2594395876,kairabora@example.com,"61/37, Kala Circle, Karnal-754058",Kerala,2024-07-20,18K,Standard,201.76,5422.19,1093981.05,4.85,53058.08,1040922.97,Bank Transfer,
Inaaya  Sahni,+914299946750,eagate@example.com,"544, Aurora, Patiala 238671",Tamil Nadu,2025-03-18,18K,Standard,994.501,5897.11,5864681.79,4.34,254527.19,5610154.6,Bank Transfer,
Kavya Kanda,06971863506,rattanhridaan@example.org,"H.No. 035, Karan Zila, Chinsurah 820514",Andhra Pradesh,2024-09-17,22K,Standard,65.096,5090.69,331383.56,0.61,2021.44,329362.12,Cash,
Kimaya Mani,9505982552,goyalelakshi@example.net,"H.No. 436, Date Ganj, Warangal 659767",Telangana,2024-08-10,22K,Pure,331.21,6531.48,2163291.49,2.18,47159.75,2116131.74,UPI,Doloribus molestias a illum.
Reyansh Chakrabarti,07674893426,chakrabortynakul@example.org,"47/979, Varghese Street, Unnao-798017",Tamil Nadu,2023-08-11,22K,Pure,10.838,5066.52,54910.94,4.34,2383.13,52527.81,UPI,Debitis aperiam sunt quibusdam consectetur ullam sapiente.
Yasmin Seshadri,06546278042,riaansabharwal@example.com,"439, Bhandari Marg, Dehri 588215",Kerala,2025-04-25,22K,Pure,26.264,6609.65,173595.85,3.89,6752.88,166842.97,Card,Eligendi asperiores eum itaque minima incidunt ab.
Shayak Venkataraman,1465685786,vtank@example.org,"46, Raval Path, Mangalore 957894",Delhi,2024-06-29,18K,Pure,588.66,5363.33,3157177.84,2.82,89032.42,3068145.42,Cash,Atque rem iure error.
Indranil Swaminathan,1213557231,malhotraindrans@example.org,"H.No. 957, Raman Ganj, Mahbubnagar 409446",Gujarat,2023-07-01,24K,Standard,401.393,5635.32,2261978.0,1.39,31441.49,2230536.51,UPI,Dolorum iusto exercitationem perferendis consequuntur eligendi.
Hazel Comar,+918305380710,aarnaiyer@example.net,"81, Tailor Nagar, Shimla 785030",Tamil Nadu,2024-11-05,22K,Premium,509.135,6086.98,3099094.56,1.5,46486.42,3052608.14,Cash,Alias vel vero mollitia cum voluptatibus.
Pari Srivastava,+918897518599,prisha91@example.org,"59/19, Bir Nagar, Guntakal-745284",West Bengal,2023-12-15,22K,Pure,32.869,5686.13,186897.41,1.42,2653.94,184243.47,UPI,
Misha Jayaraman,+913859329137,ela10@example.net,"11/015, Sarin Marg, Eluru-506764",Karnataka,2025-02-25,24K,Premium,183.175,5788.85,1060372.6,0.39,4135.45,1056237.15,UPI,
Damini Acharya,09819265087,raunak61@example.com,"H.No. 30, Solanki Road, Kollam-086824",Karnataka,2024-02-10,22K,Premium,334.213,5935.23,1983631.02,3.24,64269.65,1919361.37,Cash,
Vardaniya Uppal,04296984174,tankoorja@example.net,"43/14, Deshpande Zila, Satara 416096",Delhi,2024-04-09,22K,Standard,8.76,5455.29,47788.34,4.42,2112.24,45676.1,Cash,
Nishith Handa,8808194470,miraya05@example.org,"H.No. 443, Bhattacharyya Nagar, Alwar-771853",Delhi,2023-08-16,18K,Pure,793.882,5149.06,4087746.05,2.47,100967.33,3986778.72,Cash,
Lakshay Konda,4435930955,parinaazbakshi@example.net,"62/17, Halder, Tiruchirappalli-472078",Maharashtra,2025-03-19,22K,Standard,216.557,6367.14,1378848.74,0.28,3860.78,1374987.96,Bank Transfer,
Alisha Tella,06086175355,khuranaarhaan@example.org,"H.No. 35, Lal Marg, Kurnool-051001",Kerala,2024-10-27,22K,Pure,826.388,5086.67,4203563.05,4.37,183695.71,4019867.34,UPI,
Parinaaz Shanker,05744573627,ojas21@example.net,"14, Gaba Ganj, Thoothukudi 213332",Tamil Nadu,2023-12-22,22K,Premium,227.114,5785.98,1314077.06,3.74,49146.48,1264930.58,Card,
Elakshi Kuruvilla,3078940529,dewansamiha@example.org,"430, Sahota Chowk, Guntur 412752",West Bengal,2024-12-12,24K,Standard,203.357,6588.29,1339774.89,3.68,49303.72,1290471.17,UPI,Accusantium illum hic doloribus consectetur.
Himmat Chakrabarti,+914304661602,manjari29@example.org,"H.No. 56, Khare Circle, Dindigul-387779",West Bengal,2025-04-13,24K,Premium,51.929,6654.87,345580.74,3.59,12406.35,333174.39,Cash,
Oorja Choudhury,09212055053,banerjeeanvi@example.net,"491, Upadhyay Path, Naihati-341218",Rajasthan,2023-10-24,18K,Pure,153.34,6007.29,921157.85,1.5,13817.37,907340.48,Card,
Himmat Krishnamurthy,00290122379,aayush76@example.com,"H.No. 57, Banik Path, Thiruvananthapuram 482803",Telangana,2023-11-09,24K,Standard,284.329,5854.94,1664729.24,3.51,58432.0,1606297.24,Card,A eum sunt quia quisquam nesciunt.
Prisha Chad,00383680892,hsur@example.com,"01/25, Jain Ganj, Dhule 622138",Andhra Pradesh,2024-05-23,22K,Pure,344.836,5313.56,1832306.78,4.24,77689.81,1754616.97,UPI,
Oorja Balay,02256674582,sairasur@example.org,"42, Baral Ganj, Mysore 655177",West Bengal,2023-09-01,24K,Standard,127.015,6542.93,831050.25,3.37,28006.39,803043.86,Card,
Navya Sarraf,+910398080289,anikaravi@example.com,"59/02, Amble Marg, Nanded 671073",Andhra Pradesh,2024-11-04,18K,Standard,516.558,5310.94,2743408.54,1.21,33195.24,2710213.3,Card,
Neysa Reddy,01501016774,jkhalsa@example.org,"73/12, Bava Zila, Alappuzha 970628",Gujarat,2023-09-22,18K,Standard,206.868,6203.97,1283402.87,1.73,22202.87,1261200.0,UPI,
Krish Hans,5209711003,raghavramachandran@example.net,"51/153, Brahmbhatt Chowk, Nagaon 313741",Kerala,2024-12-03,24K,Pure,881.075,6122.82,5394663.63,1.33,71749.03,5322914.6,Card,
Himmat Gopal,+919495278942,kharesamarth@example.com,"44, Cheema Zila, Howrah 597612",Karnataka,2024-01-20,24K,Pure,145.329,5593.78,812938.45,3.06,24875.92,788062.53,Cash,
Divit Badal,+916642379522,ivanasandhu@example.net,"84/21, Kar Street, Darbhanga 535192",Kerala,2025-04-04,24K,Premium,969.863,5697.71,5525998.11,3.58,197830.73,5328167.38,UPI,Iure corporis perferendis ab in.
Anvi Keer,08384266305,jtara@example.net,"42/470, Bajaj Chowk, Orai 522406",Tamil Nadu,2025-03-21,22K,Standard,460.05,6228.81,2865564.04,2.03,58170.95,2807393.09,Cash,
Tanya Upadhyay,9121242974,psethi@example.net,"305, Arya Path, Kanpur-477711",Gujarat,2024-10-01,18K,Standard,571.765,6176.64,3531586.57,4.17,147267.16,3384319.41,UPI,
Anahita Sampath,+918327599376,advika50@example.com,"71/064, Tank Chowk, Machilipatnam 385318",Rajasthan,2025-01-09,24K,Premium,418.407,5947.39,2488429.61,0.04,995.37,2487434.24,Bank Transfer,
Advika Chanda,07034975054,samarthgade@example.net,"15/587, Wagle Chowk, Thiruvananthapuram 241483",Tamil Nadu,2024-12-01,22K,Pure,696.835,5636.14,3927459.62,0.58,22779.27,3904680.35,UPI,Optio debitis in distinctio ut.
Dharmajan Gara,00311597036,rjani@example.org,"985, Gopal Chowk, Munger-570183",West Bengal,2025-03-05,18K,Pure,317.206,5977.74,1896174.99,1.89,35837.71,1860337.28,Cash,Provident placeat soluta ipsa perferendis.
Badal Sarkar,+919831491030,thakermanjari@example.net,"564, Lall Nagar, Srinagar 373466",Delhi,2023-11-28,24K,Pure,682.278,5098.44,3478553.45,3.15,109574.43,3368979.02,UPI,
Farhan Cheema,09069022623,stuvan23@example.com,"75/360, Dave Circle, Bareilly-311896",Delhi,2024-07-26,24K,Standard,536.595,5519.44,2961703.91,1.82,53903.01,2907800.9,UPI,Provident excepturi itaque.
Pranay Dhawan,07372319755,iganguly@example.net,"775, Karan Nagar, Chinsurah 262718",Kerala,2023-06-24,24K,Premium,729.742,5318.87,3881402.83,0.01,388.14,3881014.69,Bank Transfer,Cumque animi voluptatem.
Himmat Bala,4451440928,kapadiajhanvi@example.net,"678, Chadha Marg, Sri Ganganagar 538328",Telangana,2024-08-14,22K,Standard,749.187,5534.72,4146540.27,3.16,131030.67,4015509.6,UPI,Accusantium consequuntur aperiam reiciendis vero laboriosam atque.
Priyansh Shah,07412398373,davekeya@example.com,"H.No. 759, Mangat Zila, Malda-046366",West Bengal,2023-10-29,24K,Premium,835.338,5797.87,4843181.13,0.69,33417.95,4809763.18,Card,
Jhanvi Kara,05231929964,kanavhanda@example.org,"30, Madan Marg, Kochi-217972",Telangana,2024-05-11,24K,Standard,851.645,5898.4,5023342.87,3.58,179835.67,4843507.2,Cash,Unde culpa voluptatem odit ad asperiores natus.
Miraya Bala,07981909297,zramaswamy@example.org,"H.No. 785, Kumar Circle, Nagercoil-087934",Telangana,2025-05-10,24K,Premium,383.739,6133.11,2353513.5,3.2,75312.43,2278201.07,Bank Transfer,
Nirvi Sharaf,3675146837,shettyvritika@example.org,"679, Dhar Street, Rajahmundry 801628",Karnataka,2023-11-24,24K,Pure,908.527,5226.34,4748271.0,4.32,205125.31,4543145.69,Cash,
Gokul Tiwari,5373857850,ela81@example.com,"98/58, Sastry Street, Bellary-821801",Karnataka,2023-11-27,24K,Standard,101.573,5401.71,548667.89,4.39,24086.52,524581.37,UPI,
Ryan Kant,+914192409536,ndash@example.com,"166, Wagle Ganj, Malda-338469",Gujarat,2023-06-22,22K,Pure,24.389,5960.03,145359.17,1.03,1497.2,143861.97,Card,
Piya Barad,09946129289,kairachoudhry@example.net,"819, Buch Circle, Surendranagar Dudhrej-222750",Kerala,2025-05-10,18K,Pure,418.1,5066.55,2118324.56,3.77,79860.84,2038463.72,Card,
Emir Hans,05057194257,umangagarwal@example.net,"41/57, Bal Marg, Aurangabad 287907",Rajasthan,2024-03-28,18K,Pure,100.23,6459.63,647448.71,1.39,8999.54,638449.17,Bank Transfer,
Hazel Kunda,07587182833,kiaan40@example.org,"14/693, Sachdeva Nagar, Bhalswa Jahangir Pur 456809",West Bengal,2025-03-01,24K,Pure,330.43,5434.26,1795642.53,0.97,17417.73,1778224.8,Card,
Aradhya Sampath,02629152495,lakshit72@example.net,"H.No. 303, Shukla Nagar, Purnia-799756",Telangana,2023-06-18,22K,Pure,316.674,5740.56,1817886.1,0.16,2908.62,1814977.48,Card,Unde aut ut mollitia dignissimos necessitatibus.
Piya Vasa,3372515845,xtandon@example.com,"31, Lata Zila, Nagpur-644346",Andhra Pradesh,2024-12-18,24K,Premium,555.618,5762.44,3201715.39,4.51,144397.36,3057318.03,Bank Transfer,
Advik Andra,01848593728,qsuri@example.org,"H.No. 390, Date Nagar, Arrah 813926",Telangana,2023-07-16,24K,Standard,906.045,5939.87,5381789.51,3.81,205046.18,5176743.33,Cash,Suscipit suscipit fugiat voluptates consequuntur reprehenderit.
Ela Hayre,6272678797,wkara@example.org,"52/984, Iyer Nagar, Mirzapur-259961",Rajasthan,2023-06-09,18K,Standard,690.05,5568.23,3842357.11,1.21,46492.52,3795864.59,Card,
Eshani Deo,04540234977,bariasuhana@example.com,"H.No. 42, Saran Road, Tiruppur 355547",Rajasthan,2025-03-18,18K,Standard,8.424,6258.58,52722.28,2.52,1328.6,51393.68,Cash,Explicabo magnam alias repellendus nemo.
Kashvi Ramanathan,01181655059,hrishita26@example.com,"H.No. 580, Dhar Path, Ichalkaranji 401714",Andhra Pradesh,2023-10-23,18K,Pure,64.779,5709.88,369880.32,0.29,1072.65,368807.67,Bank Transfer,
Dharmajan Cheema,+917593839092,sahaarmaan@example.net,"314, Gara Ganj, Dibrugarh-874281",Maharashtra,2024-02-14,22K,Standard,419.816,6367.68,2673253.95,0.86,22989.98,2650263.97,Bank Transfer,
Priyansh Kalita,8261937344,heer95@example.net,"54, Chada, Erode 538229",Karnataka,2025-03-10,22K,Standard,264.417,5170.23,1367096.71,2.35,32126.77,1334969.94,Card,
Chirag Ahluwalia,2530827672,arama@example.com,"H.No. 93, Sachdeva Road, Varanasi 492599",Tamil Nadu,2024-04-09,22K,Standard,86.551,5184.94,448761.74,1.64,7359.69,441402.05,Bank Transfer,Delectus quo sunt nihil.
Diya Mangat,5661962090,balkavya@example.net,"22, Mannan Ganj, Nagercoil 216436",Kerala,2024-05-30,18K,Premium,165.745,6825.35,1131267.64,1.3,14706.48,1116561.16,Card,Eaque veritatis velit facere perspiciatis dolores.
Mohanlal Soni,2686842937,choudhuryshayak@example.net,"76/907, Choudhary Chowk, Sasaram-176523",Telangana,2023-08-16,22K,Pure,268.306,6258.01,1679061.63,0.38,6380.43,1672681.2,UPI,
Manikya Ravel,08125062490,pranaymalhotra@example.com,"141, Garde Street, Surendranagar Dudhrej-341997",Rajasthan,2025-02-02,18K,Standard,387.502,6419.23,2487464.46,2.24,55719.2,2431745.26,Bank Transfer,
Prisha Tripathi,00913660119,geraadvik@example.org,"244, Sarkar Marg, Hindupur 791108",Maharashtra,2023-08-23,22K,Pure,412.134,5817.53,2397601.91,2.82,67612.37,2329989.54,Bank Transfer,
Taimur Balay,02934163823,sararaman@example.org,"381, Jhaveri Road, Dewas 704616",Maharashtra,2024-12-13,18K,Standard,950.367,6430.93,6111743.65,2.75,168072.95,5943670.7,Card,
Vaibhav Dhar,09691807532,bordeindrajit@example.org,"H.No. 52, Barman Path, Singrauli 438301",Karnataka,2024-05-18,24K,Pure,724.005,6366.89,4609660.19,1.07,49323.36,4560336.83,Card,
Aarav Bhagat,+912952963608,vardaniyabassi@example.com,"09/34, Ratta Road, Ambarnath-330517",Rajasthan,2025-01-30,24K,Premium,63.001,6314.57,397824.22,2.28,9070.39,388753.83,UPI,
Samiha Deol,01810896678,drishyasubramaniam@example.net,"79, Hora Road, Rampur 273407",Kerala,2024-04-24,18K,Pure,774.084,6873.56,5320712.82,4.68,249009.36,5071703.46,Bank Transfer,
Shalv Gole,08742085373,manerhea@example.net,"75, Sarraf Chowk, Sri Ganganagar 228844",Karnataka,2025-02-17,18K,Pure,590.125,5285.31,3118993.56,2.9,90450.81,3028542.75,Cash,
Priyansh Aggarwal,06601461969,sara37@example.com,"12/065, Baria Zila, Pune 885377",Andhra Pradesh,2025-03-14,18K,Standard,806.362,5242.49,4227344.72,2.51,106106.35,4121238.37,Cash,
Vedika Desai,2827425739,wsethi@example.com,"27, Rout Road, Satna-471100",Maharashtra,2024-02-22,24K,Pure,228.406,6354.51,1451408.21,0.95,13788.38,1437619.83,UPI,Unde laborum ut officia ex.
Gokul Goel,5882034216,kannankavya@example.com,"H.No. 21, Chaudry Marg, Aurangabad 830803",Gujarat,2025-05-11,22K,Pure,697.456,6236.34,4349572.75,1.57,68288.29,4281284.46,Card,
Anya Deep,3968568699,prerak44@example.com,"H.No. 86, Kunda Nagar, Naihati-358469",Kerala,2024-08-09,24K,Pure,735.056,5589.13,4108323.54,2.07,85042.3,4023281.24,Cash,Perspiciatis minima totam magni eum corrupti.
Pranay Saini,+919226463695,riyachoudhury@example.net,"30, Agate Nagar, Mau 357954",Rajasthan,2025-05-20,22K,Pure,409.799,6392.2,2619517.17,3.86,101113.36,2518403.81,Card,
Samaira Shukla,+914017526794,nitarasarna@example.net,"05/75, Dubey Chowk, Mango-783921",Karnataka,2024-10-08,22K,Standard,434.094,6623.01,2875008.9,4.32,124200.38,2750808.52,UPI,
Himmat Ahluwalia,7524555724,mkhare@example.net,"87, Goswami Ganj, Pali-827308",Andhra Pradesh,2023-10-05,18K,Premium,498.016,6583.42,3278648.49,3.85,126227.97,3152420.52,Bank Transfer,
Anahita Doshi,1689957721,vaibhavdesai@example.com,"H.No. 860, Singhal, Deoghar 315427",Karnataka,2024-08-30,18K,Pure,262.029,5328.28,1396163.88,3.03,42303.77,1353860.11,Cash,
Misha Sekhon,+919035051625,tiyagulati@example.org,"33/496, Kar Chowk, Singrauli-372872",Karnataka,2024-06-10,24K,Pure,605.929,5036.15,3051549.33,1.3,39670.14,3011879.19,Cash,Nostrum excepturi at cupiditate eveniet.
Tara Sampath,+915367204981,dbajwa@example.net,"32, Dhillon Marg, Bareilly 045066",Maharashtra,2024-12-22,18K,Premium,509.526,6408.18,3265134.32,2.03,66282.23,3198852.09,Cash,Nostrum occaecati deleniti aspernatur.
Aaina Dar,6864960704,madantara@example.net,"H.No. 310, Kala Path, Chandigarh-202366",Kerala,2023-11-25,18K,Standard,155.085,6607.6,1024739.65,3.45,35353.52,989386.13,Card,Aperiam dolores eaque sunt repellendus necessitatibus.
Jayesh Kumar,+918063222001,mamooty72@example.com,"93/97, Kota Road, Kolhapur-719975",Rajasthan,2023-12-11,18K,Standard,694.262,5323.23,3695716.31,4.77,176285.67,3519430.64,Bank Transfer,
Romil Amble,+917456341217,dhruvbhargava@example.org,"45/20, Seth Nagar, Vasai-Virar-675462",West Bengal,2023-11-25,24K,Standard,872.911,6842.76,5973120.47,0.97,57939.27,5915181.2,Bank Transfer,
Nehmat Bandi,08285420118,iyerhimmat@example.net,"H.No. 186, Shah, Bhubaneswar-576244",Tamil Nadu,2024-10-12,22K,Premium,822.962,6294.66,5180265.98,4.01,207728.67,4972537.31,Bank Transfer,
Priyansh Buch,+914918660865,kavyasekhon@example.org,"H.No. 262, Tailor Street, Unnao 172024",Kerala,2025-05-10,22K,Standard,645.601,5535.87,3573963.21,2.85,101857.95,3472105.26,Cash,
Chirag Atwal,0660882868,karimadhup@example.com,"06/902, Koshy Road, Tenali-735361",Delhi,2023-06-20,18K,Pure,917.981,6033.37,5538519.03,3.49,193294.31,5345224.72,UPI,
Eva Saini,+915536115712,chahalamira@example.com,"H.No. 27, Sodhi Zila, Bokaro 229535",Karnataka,2024-06-29,24K,Premium,616.428,5628.61,3469632.81,3.11,107905.58,3361727.23,Card,Modi dolores beatae earum minima aspernatur temporibus.
Dharmajan Kar,3399276845,sureshsamiha@example.com,"H.No. 30, Handa Circle, Hyderabad 979475",Gujarat,2025-04-09,24K,Standard,736.816,6423.27,4732768.11,3.11,147189.09,4585579.02,UPI,Dolore debitis quod iste beatae incidunt.
Heer Chakraborty,03857133293,karadharmajan@example.org,"H.No. 824, Kanda Road, Gudivada 285312",Andhra Pradesh,2023-09-30,24K,Premium,797.992,5879.01,4691402.95,2.95,138396.39,4553006.56,UPI,
Tara Rattan,+911209180074,reneechatterjee@example.com,"00/398, Borra Path, Narasaraopet-772468",Maharashtra,2023-09-04,22K,Standard,512.526,6776.68,3473224.69,2.59,89956.52,3383268.17,UPI,
Faiyaz Malhotra,0253250573,zarasharaf@example.org,"40/50, Hayre Ganj, Chandigarh-764578",Karnataka,2023-07-19,22K,Standard,637.81,5077.36,3238390.98,1.9,61529.43,3176861.55,Bank Transfer,
Hansh Aurora,+910000595059,kavyalal@example.net,"H.No. 543, Varkey Ganj, Chandigarh-338490",West Bengal,2023-11-20,22K,Pure,396.811,6218.1,2467410.48,2.42,59711.33,2407699.15,UPI,
Biju Deo,+919869328974,vidurdeo@example.net,"57/860, Kumer Path, Bhilwara 965651",Tamil Nadu,2023-10-25,18K,Premium,384.563,5098.99,1960882.89,3.98,78043.14,1882839.75,Cash,
Zoya Bains,1221400190,rwagle@example.net,"66/58, Johal Chowk, Lucknow 542549",Delhi,2023-08-06,22K,Standard,270.571,6320.68,1710192.71,1.02,17443.97,1692748.74,Bank Transfer,Laborum repudiandae debitis autem dolores saepe.
Yuvraj  Sabharwal,9452674104,ritvikagarwal@example.net,"977, Deo Path, Kharagpur-543760",Karnataka,2024-05-14,18K,Pure,568.081,5993.3,3404679.86,3.0,102140.4,3302539.46,Card,
Dharmajan Gill,+910369301319,kiaragoda@example.net,"095, Master Path, Purnia 702318",Karnataka,2024-07-11,18K,Standard,120.158,5274.74,633802.21,4.36,27633.78,606168.43,Card,
Yasmin Khurana,08682846190,qsunder@example.net,"46/65, Chaudhry Circle, Kottayam 762142",Andhra Pradesh,2024-12-03,22K,Pure,905.384,6330.8,5731805.03,1.62,92855.24,5638949.79,UPI,
Biju Madan,1087162295,dkumar@example.net,"68/96, Talwar, Durgapur 193658",Tamil Nadu,2024-01-06,24K,Standard,149.479,5867.38,877050.1,3.4,29819.7,847230.4,UPI,
Dhanush Bala,01407309058,riyer@example.net,"68, Toor Zila, Ludhiana 080100",Karnataka,2023-12-31,22K,Premium,599.235,5992.41,3590861.81,2.17,77921.7,3512940.11,UPI,
Priyansh Tella,02527556010,wwali@example.com,"57, Bal Ganj, New Delhi-609536",Rajasthan,2024-06-30,22K,Pure,634.598,6995.04,4439038.39,4.33,192210.36,4246828.03,Card,
Hiran Barad,1624716901,somanuthkarsh@example.net,"21/701, Kar Ganj, Tumkur 207290",Delhi,2025-01-08,18K,Standard,217.712,5881.46,1280464.42,1.4,17926.5,1262537.92,UPI,
Aaina Sarkar,+914616519856,akonda@example.org,"H.No. 99, Kamdar Street, Khandwa-692123",Delhi,2024-09-10,24K,Premium,834.734,6109.68,5099957.63,2.81,143308.81,4956648.82,Cash,
Lakshit Ravi,+910817233975,chowdhuryrhea@example.com,"H.No. 078, Lanka Road, Mahbubnagar-929237",Karnataka,2023-08-19,22K,Standard,271.575,5450.05,1480097.33,3.67,54319.57,1425777.76,Cash,Harum mollitia placeat saepe adipisci enim.
Taran Sur,2335170923,hridaanchokshi@example.net,"36/52, Sharaf Chowk, Haldia-466747",Rajasthan,2023-08-14,18K,Pure,23.14,5602.42,129640.0,4.21,5457.84,124182.16,Cash,Vitae unde accusamus dicta quas exercitationem velit.
Renee Khurana,2749624761,siya07@example.org,"H.No. 909, Varma Path, Aurangabad-035686",Kerala,2025-04-09,18K,Premium,664.957,5852.63,3891747.29,3.93,152945.67,3738801.62,Bank Transfer,
Adira Hora,8566766472,madhav24@example.com,"H.No. 95, Sane Chowk, Karawal Nagar 030179",Karnataka,2023-09-17,24K,Pure,785.782,5297.02,4162302.97,2.13,88657.05,4073645.92,Cash,
Yashvi Sur,00755801657,ychanda@example.com,"45/694, Dewan, Khora -616256",Gujarat,2023-07-11,18K,Pure,957.451,5129.68,4911417.25,2.28,111980.31,4799436.94,Cash,
Farhan Gupta,0384078803,kiaan43@example.org,"30, Shenoy, Surendranagar Dudhrej-917057",Rajasthan,2024-06-15,22K,Standard,815.472,6551.53,5342589.27,2.84,151729.54,5190859.73,Cash,
Aaryahi Kumer,0298563305,riya00@example.com,"05/89, Acharya Marg, Phusro 882156",Kerala,2023-12-01,24K,Standard,88.158,5256.1,463367.26,4.62,21407.57,441959.69,Bank Transfer,
Aayush Goel,06373603985,banerjeeanahita@example.com,"970, Agate Circle, Mango-900226",Kerala,2023-08-15,22K,Standard,786.763,5845.57,4599078.19,3.91,179823.96,4419254.23,Cash,Nam natus corporis veniam voluptatem.
Ryan Tiwari,04677788488,samioorja@example.org,"90/71, Lala Street, Vellore 952209",Telangana,2024-02-25,22K,Premium,874.264,6820.45,5962873.9,4.5,268329.33,5694544.57,UPI,Dicta cum quod.
Nitya Bahl,09755216623,chaudhrysumer@example.com,"546, Sawhney Zila, Dhanbad 054883",Kerala,2024-12-13,22K,Pure,926.795,5555.58,5148883.77,0.24,12357.32,5136526.45,Card,Nesciunt ratione ipsa ad.
Mohanlal Dhillon,3784773745,rati78@example.net,"23/39, Gade Marg, Ramgarh 639796",Andhra Pradesh,2023-06-10,24K,Pure,962.229,6019.4,5792041.24,2.15,124528.89,5667512.35,Bank Transfer,Quam harum nisi ad quidem iure laudantium.
Azad Sidhu,5074664589,eshani67@example.org,"H.No. 45, Handa Zila, Visakhapatnam-710192",Rajasthan,2024-01-19,24K,Premium,443.719,6241.89,2769645.19,0.02,553.93,2769091.26,Card,
Zaina Dyal,2470415974,tejas00@example.com,"H.No. 25, Walia Road, Delhi 063503",West Bengal,2025-05-13,18K,Premium,221.201,5105.87,1129423.55,2.74,30946.21,1098477.34,Cash,Eius autem magni.
Miraan Bhandari,6664210827,saksham73@example.com,"H.No. 94, Madan Marg, Raipur-428838",Karnataka,2023-06-03,24K,Premium,582.969,5073.7,2957809.82,0.63,18634.2,2939175.62,Card,Sequi porro mollitia nesciunt.
Samiha Bali,2018109526,semkaira@example.net,"H.No. 12, Bhasin, Pimpri-Chinchwad 374420",West Bengal,2024-07-05,24K,Standard,547.705,5158.46,2825314.33,3.57,100863.72,2724450.61,Cash,
Alia Dube,08987099918,tankyuvaan@example.net,"H.No. 189, Chadha Circle, Gudivada-525916",Gujarat,2024-05-31,24K,Premium,863.217,5470.82,4722504.83,4.31,203539.96,4518964.87,Bank Transfer,
Hridaan Vora,2767130097,mbansal@example.net,"H.No. 24, Chandran Circle, Belgaum 698933",Rajasthan,2023-10-29,24K,Premium,803.606,5005.87,4022747.17,2.6,104591.43,3918155.74,Card,
Vedika Sandal,6304324946,goelmiraya@example.org,"H.No. 44, Kunda Circle, Solapur 025308",Delhi,2024-05-18,18K,Premium,393.525,5914.57,2327531.16,0.54,12568.67,2314962.49,Card,
Taran Dalal,03046168821,romil24@example.net,"H.No. 335, Talwar Nagar, Vijayawada-160045",Karnataka,2023-12-05,24K,Standard,328.684,6472.42,2127380.9,2.08,44249.52,2083131.38,UPI,
Urvi Srinivas,+919705955043,fshere@example.com,"H.No. 74, Gara Zila, South Dumdum-490605",Andhra Pradesh,2024-08-11,22K,Pure,983.015,6967.94,6849589.54,2.95,202062.89,6647526.65,UPI,
Dharmajan Zachariah,03494061564,jiya98@example.net,"H.No. 588, Master Nagar, Sambhal 243460",Telangana,2024-05-05,22K,Standard,11.836,6145.65,72739.91,4.19,3047.8,69692.11,Card,
Khushi Master,+917581402098,cseshadri@example.net,"48, Viswanathan Chowk, Haridwar 872261",Rajasthan,2023-11-25,24K,Standard,956.508,5185.85,4960307.01,4.64,230158.25,4730148.76,Card,
Hrishita Khosla,01601398341,gulatiseher@example.net,"24/29, Kar Nagar, Bhubaneswar-930717",Rajasthan,2025-05-18,22K,Standard,517.589,6378.03,3301198.17,3.1,102337.14,3198861.03,Cash,
Vardaniya Dhaliwal,6719563339,sahotariaan@example.com,"516, Bhardwaj Marg, Meerut-567742",Delhi,2023-08-03,18K,Premium,115.466,6966.3,804370.8,1.44,11582.94,792787.86,UPI,
Fateh Karan,1167168823,ibadami@example.com,"H.No. 662, Deshpande Ganj, Davanagere-693913",Gujarat,2024-12-24,24K,Standard,912.471,6043.1,5514153.5,1.84,101460.42,5412693.08,Bank Transfer,
Vidur Bahl,+917330025959,zdugar@example.org,"H.No. 49, Sani Path, Ambala-197265",Kerala,2025-04-14,24K,Standard,505.75,5515.53,2789479.3,1.81,50489.58,2738989.72,Bank Transfer,
Ivan Sathe,00613133140,hbhatia@example.com,"H.No. 336, Sarna Path, Udupi-698969",Karnataka,2025-04-20,22K,Pure,715.562,6324.47,4525550.4,1.87,84627.79,4440922.61,Cash,
Mamooty Biswas,3673610398,gourojas@example.org,"92/95, Barad Path, Ratlam-629879",Andhra Pradesh,2024-03-13,24K,Standard,272.924,6695.04,1827237.1,4.5,82225.67,1745011.43,Cash,
Kiaan Bali,+913343887657,apteeshani@example.org,"23/28, Shankar Road, Bardhaman-284715",Telangana,2024-03-31,22K,Standard,984.755,5335.95,5254603.44,3.74,196522.17,5058081.27,Card,Ratione nulla eius.
Anya Din,03846933292,armaanbalan@example.com,"H.No. 285, Wadhwa, Belgaum 329743",Kerala,2024-02-03,24K,Standard,187.672,5340.33,1002230.41,3.85,38585.87,963644.54,UPI,Inventore similique animi et officiis.
Riaan Sundaram,0672445822,chahalgokul@example.org,"63, Kar Circle, Sirsa-981783",Telangana,2023-07-10,24K,Premium,390.163,6349.0,2477144.89,2.75,68121.48,2409023.41,Card,
Tejas Manne,07812412193,siya27@example.com,"758, Shukla Zila, Bareilly 775151",Maharashtra,2024-08-14,22K,Pure,313.467,5411.8,1696420.71,3.21,54455.1,1641965.61,Card,Quod dolorem fuga ullam fugit modi asperiores.
Biju Kari,6010554108,pvohra@example.net,"58/08, Rout Marg, Thiruvananthapuram 956582",Andhra Pradesh,2023-10-02,24K,Premium,658.329,6342.88,4175701.85,2.55,106480.4,4069221.45,Card,
Shamik Kamdar,4432170830,ndayal@example.org,"62/23, Gala Street, Hapur-596001",Rajasthan,2025-02-24,18K,Standard,171.065,5944.29,1016859.97,0.66,6711.28,1010148.69,Cash,
Pranay Thakkar,+916223462454,katarasha@example.net,"99/85, Sawhney Street, Nagercoil-549912",Delhi,2024-11-18,24K,Premium,244.201,5605.66,1368907.78,0.12,1642.69,1367265.09,Card,
Aayush Tara,2541907332,indranil68@example.net,"654, Bhandari Nagar, Tiruvottiyur 745729",Andhra Pradesh,2024-04-16,18K,Premium,71.317,5822.39,415235.39,4.43,18394.93,396840.46,Cash,
Mamooty Banerjee,1902739722,zeeshan78@example.org,"86/14, Dugar Chowk, Tenali 178621",Delhi,2025-01-13,24K,Pure,303.581,5136.17,1559243.62,2.48,38669.24,1520574.38,Cash,
Stuvan Sandal,08790092600,qdutta@example.org,"86/59, Sen Nagar, Firozabad 884092",West Bengal,2025-03-15,22K,Premium,151.436,5792.3,877162.74,4.4,38595.16,838567.58,Card,Consequuntur repellendus quisquam dignissimos molestias nam magni.
Aradhya Toor,9218715496,syohannan@example.org,"50, Bali, Chennai 827919",Kerala,2023-09-12,22K,Standard,270.584,5769.71,1561191.21,3.97,61979.29,1499211.92,Bank Transfer,
Riya Jani,0641275621,ravalyakshit@example.net,"39, Khosla Road, Suryapet 636314",Telangana,2024-11-05,18K,Standard,26.437,5244.7,138654.13,2.23,3091.99,135562.14,UPI,
Nitya Bhat,07177085287,amirakulkarni@example.org,"37, Ram Nagar, Gwalior-557201",West Bengal,2023-12-06,22K,Premium,928.385,6057.58,5623766.41,0.84,47239.64,5576526.77,UPI,
Shaan Krishnan,0486329053,sarkarseher@example.com,"H.No. 52, Bora Street, Darbhanga-447468",Delhi,2024-01-23,22K,Pure,392.111,6801.86,2667084.13,4.54,121085.62,2545998.51,Bank Transfer,
Samarth Garg,7593814129,mallmadhav@example.net,"H.No. 433, Issac Chowk, Katni-967734",Maharashtra,2024-10-14,18K,Standard,254.781,6422.54,1636341.16,4.29,70199.04,1566142.12,Bank Transfer,Dolores exercitationem dolores eaque officiis impedit quos.
Divyansh Savant,+911929479860,abobal@example.net,"47, Goda Chowk, Buxar 497395",Telangana,2023-07-13,24K,Premium,38.188,6384.25,243801.74,4.97,12116.95,231684.79,Cash,
Pari Verma,+918128144887,esankar@example.com,"77, Borra Ganj, Akola 956414",Gujarat,2025-05-15,24K,Premium,856.033,5742.55,4915812.3,1.37,67346.63,4848465.67,Bank Transfer,
Hansh Dar,09155190452,rajinaaya@example.net,"H.No. 444, Sampath Road, Salem 054616",Andhra Pradesh,2023-12-18,22K,Pure,895.196,5970.73,5344973.61,4.72,252282.75,5092690.86,Card,
Rania Dey,7790929144,borahstuvan@example.net,"H.No. 74, Srinivasan Zila, Haldia 520882",Delhi,2023-10-09,24K,Pure,326.512,6543.23,2136443.11,1.54,32901.22,2103541.89,Card,
Riaan Raman,+919108151725,fbora@example.net,"79/95, Dar Zila, Miryalaguda 379418",Telangana,2025-03-16,24K,Standard,341.068,5129.66,1749562.88,0.34,5948.51,1743614.37,Bank Transfer,Error qui vel tenetur non sit nemo non.
Purab Bora,+913357995437,mbahl@example.org,"298, Badami Zila, Berhampore-439994",Telangana,2024-03-30,22K,Pure,724.434,5602.8,4058858.82,4.79,194419.34,3864439.48,UPI,
Parinaaz Thaker,+918352798973,raunak80@example.com,"H.No. 69, Goyal Path, Kurnool 428956",Delhi,2025-03-02,22K,Premium,335.16,6154.41,2062712.06,0.31,6394.41,2056317.65,UPI,
Fateh Vohra,4915775618,vedikadate@example.com,"H.No. 413, Kar Zila, Bulandshahr-963407",Telangana,2023-12-01,18K,Premium,822.325,5786.4,4758301.38,4.22,200800.32,4557501.06,Bank Transfer,
Nishith Guha,+914170984635,jivinsrinivas@example.org,"117, Upadhyay Path, Dharmavaram 104454",Gujarat,2024-08-25,18K,Standard,778.615,6820.27,5310364.53,0.7,37172.55,5273191.98,Cash,
Darshit Goswami,+911270175689,sethimohanlal@example.net,"234, Bath Chowk, Pallavaram 112424",Delhi,2023-12-07,22K,Pure,130.023,5514.02,716949.42,3.02,21651.87,695297.55,Cash,
Yuvraj  Dyal,2213171025,somsiya@example.net,"H.No. 10, Dave Road, Gorakhpur 969869",Rajasthan,2023-10-30,18K,Pure,202.391,6964.03,1409457.0,2.99,42142.76,1367314.24,Card,
Shamik Suri,06366395587,neysavarma@example.net,"H.No. 261, Datta Marg, Udupi-931149",Delhi,2025-03-30,22K,Pure,153.755,5014.37,770984.46,1.86,14340.31,756644.15,Bank Transfer,Architecto cumque libero molestias delectus doloribus provident.
Biju Sha,+916231014073,bhagatoorja@example.org,"83, Behl Chowk, Rourkela-746628",Telangana,2024-07-04,22K,Standard,762.404,6769.15,5160827.04,3.84,198175.76,4962651.28,Bank Transfer,Quidem soluta sit voluptatem.
Lavanya Venkatesh,7241439541,aaina33@example.net,"91/27, Krishnan Street, Mathura 399341",Delhi,2024-06-08,22K,Standard,263.645,6406.11,1688938.87,0.42,7093.54,1681845.33,Bank Transfer,Reiciendis impedit vero quia ipsa.
Jivika Bhakta,00587738453,evabawa@example.com,"80, Kala Nagar, Ranchi 785996",Andhra Pradesh,2024-09-17,22K,Standard,57.495,6631.46,381275.79,0.34,1296.34,379979.45,Cash,Quibusdam vitae asperiores eveniet quisquam magni culpa dolores.
Nishith Gour,+914985548636,indranil15@example.net,"00/074, Sawhney Marg, Shimla 342212",Rajasthan,2023-08-01,22K,Standard,894.288,6406.54,5729291.84,4.95,283599.95,5445691.89,UPI,
Vritika Chhabra,6076641986,mishtisankar@example.net,"H.No. 40, Kalla Nagar, Hubli–Dharwad 841250",Tamil Nadu,2024-03-07,18K,Pure,772.501,5378.05,4154549.0,0.26,10801.83,4143747.17,Card,
Vritika Chowdhury,05601108679,ivanabanik@example.com,"95, Ganesan Zila, Jorhat 486243",Kerala,2023-09-08,24K,Pure,20.169,5096.06,102782.43,0.87,894.21,101888.22,Card,
Divit Din,08419802567,miraya08@example.org,"94/830, Chaudhry Nagar, Ahmedabad-969679",Rajasthan,2023-10-18,24K,Premium,499.216,5998.85,2994721.9,0.36,10781.0,2983940.9,Cash,
Ela Chander,+918240520994,zkuruvilla@example.net,"201, Rao Street, Ahmedabad 527492",Maharashtra,2024-06-03,18K,Pure,142.704,6255.37,892666.32,1.79,15978.73,876687.59,UPI,
Aayush Barad,9600994414,psidhu@example.net,"680, Bath Ganj, Pune-935825",West Bengal,2024-09-06,24K,Standard,178.042,6415.37,1142205.31,3.03,34608.82,1107596.49,Cash,
Myra Kadakia,0651228722,kairaray@example.com,"202, Kothari Road, Bellary 202089",Telangana,2024-01-31,24K,Pure,11.352,5062.75,57472.34,1.47,844.84,56627.5,Card,Reprehenderit recusandae iste id quidem eum.
Hridaan Chaudhari,+914666734992,buchnayantara@example.com,"87, Lad Chowk, Mysore 909522",Telangana,2025-05-20,22K,Pure,603.597,5036.88,3040245.66,3.12,94855.66,2945390.0,Bank Transfer,
Riaan Mammen,2471857190,misha24@example.net,"37/13, Char, Naihati 902678",Kerala,2023-10-05,18K,Standard,549.796,5562.61,3058300.73,1.23,37617.1,3020683.63,UPI,
Saira Gulati,09385522320,misha62@example.com,"H.No. 002, Garde Circle, Nagaon-549441",Maharashtra,2023-12-17,22K,Premium,523.613,6801.0,3561092.01,3.72,132472.62,3428619.39,Card,Hic maxime quam officia.
Stuvan Krish,+911296525620,ehsaangoel@example.net,"H.No. 14, Thakkar Nagar, Kirari Suleman Nagar 276427",Delhi,2024-02-16,18K,Standard,794.204,5112.97,4060741.23,1.31,53195.71,4007545.52,Card,
Saira Shere,+913712790353,raniachanda@example.org,"167, Rege Zila, Vijayawada 163526",West Bengal,2024-02-18,24K,Standard,870.816,6718.23,5850342.18,2.25,131632.7,5718709.48,Bank Transfer,Odit nihil distinctio odit dolorem.
Mannat Ravel,0501615053,ikota@example.net,"55, Khatri Ganj, Gwalior-807587",Kerala,2025-02-26,24K,Pure,88.457,5709.87,505077.97,1.04,5252.81,499825.16,UPI,Soluta eum alias sint neque eveniet.
Arhaan Virk,+918586545359,seshadrigatik@example.net,"168, Swaminathan Road, Cuttack 451257",Kerala,2025-03-31,24K,Standard,220.266,6614.61,1456973.69,2.86,41669.45,1415304.24,Bank Transfer,
Prerak Sama,6502380455,chackomisha@example.com,"H.No. 47, Din Path, Hajipur-687037",Tamil Nadu,2025-01-21,24K,Premium,122.106,6196.2,756593.2,4.03,30490.71,726102.49,UPI,
Biju Ben,+916583789098,wsarraf@example.org,"218, Kar Ganj, Shimla 251337",Karnataka,2025-05-05,18K,Premium,979.669,6891.58,6751467.29,3.5,236301.36,6515165.93,Cash,
Shray Thaker,09971071807,reyanshbarad@example.org,"H.No. 92, Date, Bharatpur-090703",West Bengal,2023-07-16,22K,Premium,355.367,6897.92,2451293.14,2.97,72803.41,2378489.73,Cash,Optio sint nostrum sed id.
Raghav Sama,3734692548,pranay57@example.org,"H.No. 16, Baral Nagar, Rewa-305938",Kerala,2024-08-13,22K,Premium,169.845,5254.5,892450.55,2.2,19633.91,872816.64,Cash,
Kismat Rattan,+917087350172,solankihazel@example.org,"901, Kashyap Street, Kadapa-333923",West Bengal,2024-04-07,18K,Premium,186.457,5529.72,1031055.0,4.9,50521.69,980533.31,Bank Transfer,
Aaina Dhawan,+916972521409,kanav96@example.com,"50/101, Rama Circle, Jalna 747569",Gujarat,2024-01-10,24K,Premium,271.696,6103.24,1658225.9,4.95,82082.18,1576143.72,Card,
Akarsh Kala,02565639185,anaya43@example.com,"H.No. 982, Khatri Path, Karnal-083520",Tamil Nadu,2024-12-26,24K,Pure,315.484,5673.93,1790034.13,0.82,14678.28,1775355.85,Cash,Repellendus omnis ex repellat velit praesentium.
Neelofar Kannan,07031759089,subramanianmannat@example.com,"H.No. 54, Dua, Sultan Pur Majra-198202",Gujarat,2024-03-16,22K,Pure,596.095,6990.03,4166721.93,4.6,191669.21,3975052.72,Cash,Laudantium repellat numquam perspiciatis ratione.
Ira Bhatnagar,05961772741,divandivit@example.com,"37/252, Roy Road, Rajahmundry-221578",Telangana,2024-06-04,24K,Premium,338.898,6901.78,2338999.44,3.62,84671.78,2254327.66,Bank Transfer,Odio accusamus fugiat corporis id.
Hridaan Roy,+917013510296,mahika94@example.org,"96, Ramakrishnan Nagar, Bhalswa Jahangir Pur 771986",Karnataka,2023-08-01,22K,Pure,427.53,6222.04,2660108.76,0.12,3192.13,2656916.63,UPI,
Jivin Suresh,+918388530870,aaravroy@example.com,"H.No. 638, Chaudhary Nagar, Ramagundam 494134",West Bengal,2024-12-19,22K,Premium,60.663,6473.59,392707.39,0.09,353.44,392353.95,UPI,
Kavya Ahluwalia,+914796446979,nayantara93@example.org,"H.No. 00, Sheth Street, Khora  191260",West Bengal,2023-09-10,24K,Premium,513.429,6957.56,3572213.07,2.87,102522.52,3469690.55,Card,
Rhea Jayaraman,6001930913,manearnav@example.com,"73/64, Ahuja Chowk, Bhilwara-896545",Andhra Pradesh,2023-07-20,18K,Standard,65.617,5809.35,381192.12,5.0,19059.61,362132.51,Bank Transfer,
Prisha Wable,3640366472,vhayer@example.com,"H.No. 77, Kaul Street, Kamarhati-079151",West Bengal,2024-04-27,24K,Pure,91.485,5002.38,457642.73,4.31,19724.4,437918.33,Cash,
Aaina Dua,2531945588,sethinayantara@example.com,"H.No. 502, Goyal Marg, Chittoor 891674",Karnataka,2024-11-24,18K,Standard,466.468,6997.95,3264319.74,4.25,138733.59,3125586.15,Cash,
Nayantara Ahluwalia,+916648721316,kimaya63@example.net,"59/24, Bhasin Circle, Bhubaneswar 409743",Rajasthan,2024-01-09,24K,Standard,786.429,6279.91,4938703.34,2.59,127912.42,4810790.92,Bank Transfer,
Arnav Jha,+913444736402,goelrohan@example.net,"56, Deol Circle, Ozhukarai 681644",Tamil Nadu,2024-05-29,18K,Standard,907.525,5275.75,4787875.02,2.73,130708.99,4657166.03,Bank Transfer,
Onkar Biswas,+918881251200,neysasathe@example.net,"H.No. 87, Bhatia Chowk, Berhampore 980572",Delhi,2023-12-11,24K,Pure,600.753,5991.65,3599501.71,3.51,126342.51,3473159.2,Bank Transfer,
Yakshit Kapur,8552802547,arhaan69@example.net,"49/194, Konda Chowk, Nangloi Jat-636557",Maharashtra,2025-02-25,22K,Premium,495.492,6496.71,3219067.83,4.47,143892.33,3075175.5,Cash,
Divij Chakrabarti,02927570624,sarafmiraya@example.net,"H.No. 798, Kulkarni Zila, Bettiah-743517",Rajasthan,2024-09-02,18K,Standard,398.788,5825.22,2323027.83,2.57,59701.82,2263326.01,Bank Transfer,Itaque aut nemo.
Rati Mangat,08687827906,ryan26@example.com,"805, Karpe Chowk, Tezpur-842106",Telangana,2023-06-29,24K,Standard,79.597,6122.09,487300.0,2.32,11305.36,475994.64,Bank Transfer,
Kaira Mann,2528430806,chahalmiraya@example.net,"96/01, Manne Nagar, Bharatpur 848778",Andhra Pradesh,2023-08-18,18K,Standard,657.264,6666.5,4381650.46,0.03,1314.5,4380335.96,Card,
Hunar Amble,07394506137,earya@example.org,"16/75, Dash Path, Madurai 255701",Gujarat,2025-04-05,24K,Pure,607.417,6430.39,3905928.2,2.75,107413.03,3798515.17,UPI,
Emir Dasgupta,1357415904,tiya67@example.com,"H.No. 577, Behl Circle, Bidar-853549",Gujarat,2024-01-11,18K,Standard,334.43,5466.98,1828322.12,1.69,30898.64,1797423.48,Bank Transfer,
Vritika Dixit,0739384229,vidurmand@example.org,"H.No. 889, Kapur Zila, Ozhukarai 288331",Karnataka,2023-12-26,24K,Premium,859.276,5180.22,4451238.72,0.19,8457.35,4442781.37,Bank Transfer,
Romil Bhatt,6179110643,advik40@example.com,"59/50, Bedi Road, Malda-686950",Telangana,2024-12-10,22K,Premium,633.82,6054.41,3837406.15,4.93,189184.12,3648222.03,Bank Transfer,
Nehmat Sachdev,09476628005,ojas19@example.com,"89/62, Sem Road, Vasai-Virar-403015",Karnataka,2023-07-07,22K,Standard,532.559,5454.67,2904933.6,2.87,83371.59,2821562.01,UPI,Vitae debitis illo similique suscipit.
Inaaya  Baria,3036779955,tankryan@example.com,"39, Ratti Marg, Berhampur 012049",Rajasthan,2023-07-23,18K,Pure,991.618,6410.17,6356439.96,3.74,237730.85,6118709.11,Bank Transfer,Unde minima at hic excepturi.
Inaaya  Shetty,+915175011206,damini76@example.net,"H.No. 264, Kumer Marg, Nagercoil-359457",Andhra Pradesh,2024-04-27,18K,Standard,671.093,5505.99,3695031.35,1.45,53577.95,3641453.4,Bank Transfer,
Misha Bora,6438032679,aarna17@example.com,"09, Shroff Chowk, Pondicherry 118219",Andhra Pradesh,2023-08-20,22K,Premium,587.586,5344.47,3140335.75,3.93,123415.19,3016920.56,Cash,
Lakshay Sane,+915340857621,nirvibarman@example.org,"076, Randhawa, Tumkur-906110",Maharashtra,2024-08-11,22K,Premium,635.781,5248.78,3337074.6,2.46,82092.04,3254982.56,UPI,Voluptas et vel veritatis quae vero aperiam aspernatur.
Inaaya  Dyal,+912859001635,bkonda@example.org,"72, Bir Ganj, Aurangabad-170351",Telangana,2023-10-18,24K,Standard,92.469,5743.07,531055.94,4.51,23950.62,507105.32,Bank Transfer,Quibusdam quisquam sint dolor.
Yashvi Sengupta,04178460699,sahilkhatri@example.org,"93/064, Date Chowk, Mirzapur-794085",Rajasthan,2025-03-30,22K,Standard,29.91,5094.1,152364.53,1.38,2102.63,150261.9,Card,
Armaan Lala,08206277602,uvarkey@example.net,"67/57, Balan Nagar, Gopalpur 364094",Karnataka,2023-11-23,22K,Pure,130.62,5190.44,677975.27,2.81,19051.11,658924.16,Bank Transfer,
Damini Doshi,7409436631,miraya84@example.net,"H.No. 58, Rajagopal Nagar, Chittoor-407901",Telangana,2023-11-06,24K,Standard,651.839,5488.69,3577742.2,4.76,170300.53,3407441.67,Cash,
Rohan Ganguly,3588845893,bchaudhuri@example.com,"43, Sundaram Ganj, Bhagalpur 176222",Maharashtra,2024-02-02,18K,Premium,484.116,5920.38,2866150.68,2.9,83118.37,2783032.31,Cash,
Pihu Vora,+919711403734,balahiran@example.com,"H.No. 061, Jain Chowk, Raurkela Industrial Township 910685",West Bengal,2023-10-09,24K,Pure,229.102,5955.09,1364323.03,1.5,20464.85,1343858.18,Cash,Non pariatur molestias hic amet.
Yasmin Goda,07285399521,gabajivin@example.com,"53/08, Kunda Marg, Khammam-788717",Kerala,2023-10-28,24K,Standard,104.501,5677.2,593273.08,4.6,27290.56,565982.52,Cash,Iusto hic ipsa assumenda odit eos accusamus.
Hridaan Iyengar,00176006960,wbal@example.org,"H.No. 43, Bora, Dhanbad 800848",West Bengal,2025-05-01,22K,Standard,942.321,6599.06,6218432.82,0.76,47260.09,6171172.73,Cash,
Dishani Sachdev,+911212735421,baradkismat@example.net,"H.No. 604, Dyal Path, Munger-350231",Tamil Nadu,2023-08-11,18K,Standard,41.239,5428.34,223859.31,4.61,10319.91,213539.4,Bank Transfer,
Amira Sridhar,09427073222,anahi91@example.com,"67/464, Karnik Road, Sikar 242445",Andhra Pradesh,2023-08-31,22K,Pure,150.212,6428.28,965604.8,0.58,5600.51,960004.29,Card,
Parinaaz Bhagat,03086309430,krishnamurthyvardaniya@example.com,"89, Kalita Road, Chandrapur-527006",Rajasthan,2023-09-06,24K,Premium,209.258,5966.63,1248565.06,1.94,24222.16,1224342.9,UPI,
Neysa Sankar,+918566553253,jivinmanda@example.org,"H.No. 65, Dhingra Path, Vijayawada 542622",Andhra Pradesh,2025-05-03,18K,Premium,744.134,6650.48,4948848.28,3.43,169745.5,4779102.78,UPI,
Vardaniya Chowdhury,04413781341,nakul75@example.com,"87/926, Joshi Street, Udupi-439203",Andhra Pradesh,2024-08-22,22K,Pure,450.842,5922.72,2670210.93,0.51,13618.08,2656592.85,UPI,
Yashvi Sem,6252544165,pranay05@example.com,"H.No. 99, Varghese Zila, Kishanganj-204812",Delhi,2024-12-11,22K,Pure,949.305,6050.07,5743361.7,2.11,121184.93,5622176.77,Card,Eos qui fugit voluptatum dolorem debitis vitae.
Madhup Amble,8417694475,diyatandon@example.net,"07, Dhingra Marg, Noida 600227",Delhi,2024-11-06,24K,Premium,53.735,6582.31,353700.43,3.6,12733.22,340967.21,UPI,
Nirvi Dey,+910868372761,kavya55@example.net,"29/129, Banerjee Ganj, Parbhani-719288",West Bengal,2023-08-24,24K,Standard,57.955,5099.74,295555.43,3.76,11112.88,284442.55,UPI,
Ivan Karnik,3223564981,hridaanbaral@example.org,"H.No. 76, Das Chowk, Udupi-547076",Rajasthan,2024-01-05,18K,Standard,155.378,6219.71,966406.1,4.79,46290.85,920115.25,Bank Transfer,
Tejas Bail,+919219669536,lakshay10@example.net,"H.No. 04, Gandhi Path, Delhi-015452",West Bengal,2024-12-10,18K,Standard,97.995,6659.27,652575.16,0.79,5155.34,647419.82,Card,
Tushar Brahmbhatt,8031503446,kashyapdivit@example.org,"05/332, Kashyap Nagar, Fatehpur-079677",Tamil Nadu,2024-10-11,18K,Pure,375.346,5820.86,2184836.52,2.95,64452.68,2120383.84,Bank Transfer,
Kanav Chaudry,3454324925,ndeo@example.org,"H.No. 574, Ray Circle, Solapur-404413",Andhra Pradesh,2024-10-29,18K,Premium,496.661,5567.4,2765110.45,1.43,39541.08,2725569.37,Card,
Tarini Sule,07661484035,surnitya@example.org,"96, Dasgupta Circle, Darbhanga 402823",West Bengal,2023-10-08,22K,Standard,608.196,6066.24,3689462.9,0.01,368.95,3689093.95,Card,
Prerak Keer,7824646221,ndeol@example.com,"83, Madan Circle, Aizawl-629810",Kerala,2024-10-22,22K,Premium,573.252,6365.11,3648812.04,0.77,28095.85,3620716.19,Card,
Arnav Dewan,+911774937452,sombhavin@example.net,"52, Comar Zila, Mangalore 475172",Maharashtra,2023-10-30,18K,Standard,812.714,6104.31,4961058.2,1.24,61517.12,4899541.08,Card,
Zaina Kala,5761955191,mannaradhya@example.org,"981, Borah Road, Gandhidham-498561",Andhra Pradesh,2025-04-19,18K,Standard,592.675,6834.05,4050370.58,4.1,166065.19,3884305.39,Card,Molestiae non voluptatum sed assumenda ab nesciunt.
Zaina Agate,+917939524855,sarmatara@example.net,"41/49, Kunda Street, Hosur 005004",Delhi,2023-06-19,22K,Pure,930.499,6224.54,5791928.25,1.55,89774.89,5702153.36,Card,Voluptate amet cum alias.
Prerak Sandhu,06998925680,virkyashvi@example.com,"H.No. 476, Viswanathan Zila, Durgapur 730235",Kerala,2024-03-15,18K,Premium,529.349,6633.25,3511304.25,0.22,7724.87,3503579.38,UPI,
Riaan Sridhar,1643609913,ramivan@example.org,"38/40, Vohra Street, Raurkela Industrial Township-069848",Maharashtra,2024-06-06,24K,Standard,921.688,5671.49,5227344.28,4.43,231571.35,4995772.93,Card,
Kiaan Bassi,07589575664,kharedishani@example.net,"920, Bumb, Mango 079623",Gujarat,2024-09-12,18K,Pure,447.675,6848.8,3066036.54,3.7,113443.35,2952593.19,Cash,
Gatik Chowdhury,+914521946280,barmanzain@example.org,"79/697, Maharaj Nagar, Kolhapur 979891",Karnataka,2023-07-18,24K,Standard,29.378,5798.06,170335.41,0.57,970.91,169364.5,Bank Transfer,
Tiya Kale,06217630781,shraygola@example.com,"03/625, Balasubramanian Circle, Katihar-353258",Rajasthan,2025-02-13,24K,Pure,209.323,5503.58,1152025.88,3.85,44353.0,1107672.88,Cash,
Chirag Chander,+914062121760,drishyakhatri@example.com,"H.No. 07, Walia, Dehradun-834249",Tamil Nadu,2025-03-24,18K,Pure,513.329,5893.02,3025058.06,2.47,74718.93,2950339.13,Bank Transfer,
Madhav Jha,05067621421,xraja@example.net,"84, Chandran Road, Rajkot-191258",Tamil Nadu,2025-02-21,22K,Pure,477.557,6600.63,3152177.06,0.98,30891.34,3121285.72,Cash,
Ritvik Randhawa,04524252555,sandalira@example.org,"858, Suri Zila, Gangtok 693057",West Bengal,2023-10-30,22K,Standard,853.731,6889.9,5882121.22,0.87,51174.45,5830946.77,Card,
Renee Arora,+916995824313,ddate@example.org,"332, Dhawan Street, Kavali-694093",Andhra Pradesh,2023-08-06,22K,Standard,47.991,6372.67,305830.81,4.0,12233.23,293597.58,Card,Deserunt praesentium maiores minima vitae perspiciatis.
Pihu Dhar,+917164041869,bhallanitara@example.org,"09, Bala Nagar, Sirsa 068152",West Bengal,2025-03-14,18K,Standard,890.295,6773.92,6030787.11,3.63,218917.57,5811869.54,Cash,Debitis porro earum.
Shray Ratti,+915522647329,contractorneelofar@example.org,"H.No. 36, Loke Ganj, Moradabad 817802",Tamil Nadu,2024-12-27,18K,Pure,507.901,6704.77,3405359.39,4.88,166181.54,3239177.85,Card,
Eshani Ranganathan,08177649633,pranay25@example.org,"H.No. 80, Varughese Marg, Kirari Suleman Nagar 466689",Rajasthan,2024-01-22,24K,Standard,548.766,6255.21,3432646.57,2.08,71399.05,3361247.52,Cash,
Nayantara Kuruvilla,+917890375647,sankaruthkarsh@example.com,"43/032, Chaudhari Nagar, Aizawl-442911",Karnataka,2023-08-24,24K,Premium,776.484,5749.95,4464744.18,0.02,892.95,4463851.23,Bank Transfer,Veritatis facere laudantium ex.
Lakshay Solanki,09892407992,romilkuruvilla@example.net,"08/774, Subramanian Nagar, Rampur 989857",Andhra Pradesh,2024-01-12,18K,Standard,266.43,6765.1,1802425.59,0.64,11535.52,1790890.07,Cash,Maiores vero excepturi pariatur corporis.
Vidur Grewal,+915282033807,mandalgokul@example.com,"22/365, Master Path, Parbhani 702070",Telangana,2024-12-16,24K,Premium,822.22,6613.66,5437883.53,1.27,69061.12,5368822.41,Bank Transfer,
Tanya Ramakrishnan,+916650254507,kiara30@example.com,"96/55, Ghosh Street, Farrukhabad-231506",Tamil Nadu,2024-03-11,18K,Pure,612.88,5733.09,3513696.2,2.48,87139.67,3426556.53,Bank Transfer,Minima repudiandae unde reiciendis.
Rania Chokshi,08048373732,gardejivika@example.com,"66, Wadhwa Chowk, Bardhaman 636440",Maharashtra,2024-01-18,18K,Standard,45.091,5134.54,231521.54,0.26,601.96,230919.58,Card,
Darshit Chada,5197070356,samarsura@example.com,"H.No. 23, Sekhon Circle, Madhyamgram 398893",Maharashtra,2024-12-19,24K,Pure,244.109,6441.48,1572423.24,4.47,70287.32,1502135.92,Cash,
Ritvik Shankar,+918642438521,ltailor@example.org,"H.No. 93, Jhaveri, Pallavaram-447573",Rajasthan,2025-04-30,18K,Standard,876.661,5418.6,4750275.29,1.93,91680.31,4658594.98,Cash,Mollitia cum libero aut distinctio assumenda.
Neelofar Sane,07393897378,nirvikant@example.com,"46/61, Shenoy Path, Mumbai 443320",Delhi,2024-03-17,22K,Standard,318.719,5874.28,1872244.65,3.35,62720.2,1809524.45,UPI,
Yashvi Lad,+919631468037,sagarbadal@example.com,"H.No. 112, Rajagopalan Chowk, Pune-671312",Tamil Nadu,2024-06-26,18K,Pure,994.237,5062.95,5033772.22,3.06,154033.43,4879738.79,Bank Transfer,
Zain Char,3588428408,battaadah@example.net,"H.No. 31, Agate Marg, Kurnool 100876",Tamil Nadu,2025-02-01,18K,Premium,402.077,6085.36,2446783.29,4.15,101541.51,2345241.78,Bank Transfer,Expedita molestiae nemo eum explicabo.
Elakshi Sheth,8493310856,ivan57@example.org,"44/371, Dar Path, Baranagar 276108",Karnataka,2025-05-17,22K,Standard,384.721,5592.85,2151686.84,3.07,66056.79,2085630.05,Card,Rerum inventore impedit odio itaque at incidunt.
Shray Rastogi,0104823195,ubalasubramanian@example.org,"43/65, Thaman Road, Cuttack-262410",Andhra Pradesh,2024-10-11,22K,Premium,615.409,6679.45,4110593.65,3.15,129483.7,3981109.95,UPI,Est nostrum quisquam totam deserunt voluptatibus cupiditate.
Oorja Gara,+917177436898,chora@example.net,"H.No. 718, Sarma Road, Purnia-917144",Karnataka,2025-03-29,18K,Standard,951.272,5372.71,5110908.59,2.92,149238.53,4961670.06,UPI,
Pihu Khosla,06329390099,kismat69@example.org,"22/460, Solanki Ganj, Thane-315300",Kerala,2023-07-13,22K,Standard,449.647,5175.43,2327116.57,1.78,41422.67,2285693.9,Cash,
Priyansh Walla,0596378268,zbali@example.com,"27, Char Ganj, Karaikudi 028466",Maharashtra,2023-07-16,18K,Standard,495.415,5850.78,2898564.17,3.54,102609.17,2795955.0,Bank Transfer,Delectus tenetur nemo nesciunt numquam molestias.
Veer Kala,+918485045612,craj@example.org,"20/81, Khatri Nagar, Satara-619149",West Bengal,2023-06-07,18K,Pure,833.037,5677.67,4729709.18,2.38,112567.08,4617142.1,Bank Transfer,
Prerak Raman,07023067963,sairarege@example.org,"68/83, Hayer Chowk, Kishanganj 480381",Delhi,2025-01-05,18K,Standard,134.223,5921.94,794860.55,2.57,20427.92,774432.63,UPI,
Tanya Dass,02601961631,ndas@example.net,"42/329, Mallick Road, Hosur 370949",Karnataka,2024-03-06,18K,Premium,338.956,6183.45,2095917.48,4.3,90124.45,2005793.03,Bank Transfer,
Dhruv Barad,+914979325187,shray13@example.org,"11, Chana Path, Dhule 278096",Rajasthan,2025-03-18,18K,Pure,505.563,5255.05,2656758.84,3.26,86610.34,2570148.5,Bank Transfer,
Adira Dhaliwal,04007432535,jsavant@example.com,"H.No. 560, Saran Ganj, Dewas 780187",Andhra Pradesh,2023-10-18,18K,Standard,913.154,6224.24,5683689.65,1.38,78434.92,5605254.73,Card,
Kanav Gulati,6158292588,dhanukdave@example.net,"H.No. 10, Kapadia Circle, Bharatpur 178087",Telangana,2024-10-18,18K,Pure,998.988,5581.05,5575401.98,4.47,249220.47,5326181.51,Cash,
Miraya Bumb,4189356709,bhavsarfateh@example.org,"H.No. 959, Ramanathan Circle, Jammu-574886",Kerala,2023-12-11,24K,Pure,917.565,6921.67,6351082.13,4.33,275001.86,6076080.27,Card,
Nayantara Balay,+914728177056,kchoudhary@example.com,"H.No. 88, Mani Path, Deoghar-384537",Tamil Nadu,2023-09-17,24K,Standard,471.869,5410.44,2553018.91,4.07,103907.87,2449111.04,Bank Transfer,Placeat blanditiis quos quis ea ducimus voluptas.
Akarsh Mann,4001509360,samiha96@example.com,"84, Dugar Path, Ghaziabad 842881",Delhi,2024-11-18,18K,Premium,991.329,6568.62,6511663.5,0.88,57302.64,6454360.86,Card,
Aarna Raja,+916554626308,purab54@example.net,"33/182, Khatri Circle, Vijayanagaram-587970",Tamil Nadu,2024-12-26,22K,Pure,940.351,6171.05,5802953.04,3.13,181632.43,5621320.61,UPI,
Jhanvi Basak,0051180260,emir58@example.com,"49/393, Kadakia Street, Malegaon 135763",Karnataka,2025-05-19,24K,Premium,154.612,6738.83,1041903.98,4.16,43343.21,998560.77,Card,
Advik Sibal,0072717671,hansh13@example.com,"01/02, Kibe, Nizamabad-470677",Telangana,2025-05-01,22K,Pure,102.486,6279.99,643611.06,2.0,12872.22,630738.84,Cash,
Veer Bir,9092787488,dbatra@example.org,"02/62, Bora Chowk, Jammu-638760",Telangana,2025-04-25,24K,Standard,579.046,5834.8,3378617.6,3.72,125684.57,3252933.03,Cash,Adipisci excepturi sed quas.
Inaaya  Chandran,+915105535707,iarya@example.com,"01, Ganesh Circle, Mahbubnagar-990128",Tamil Nadu,2023-11-28,22K,Pure,176.546,6034.06,1065289.16,0.7,7457.02,1057832.14,UPI,
Zaina Barman,+918830252746,rtata@example.net,"H.No. 460, Setty Street, Parbhani-468349",Telangana,2025-03-10,22K,Standard,322.184,5890.53,1897834.52,0.02,379.57,1897454.95,UPI,
Samaira Ganesh,+913457468077,subramaniamaaryahi@example.net,"H.No. 978, Chana Circle, Surat 059666",Maharashtra,2024-03-13,22K,Standard,713.967,5854.66,4180034.04,1.05,43890.36,4136143.68,Cash,
Faiyaz Raju,08432562960,gbalasubramanian@example.net,"H.No. 53, Sule Road, Bhiwani 284689",Telangana,2024-04-19,18K,Premium,692.438,6617.28,4582056.13,1.56,71480.08,4510576.05,Bank Transfer,
Yuvaan Saxena,7351875773,kimayaahluwalia@example.net,"06/579, Zacharia Nagar, Tinsukia-607616",Telangana,2024-07-22,24K,Pure,726.517,5817.25,4226331.02,2.28,96360.35,4129970.67,UPI,
Vritika Balasubramanian,8453869407,upadhyaydivit@example.net,"H.No. 710, Chakraborty, Kollam-632026",Telangana,2025-03-26,24K,Standard,139.135,6121.31,851688.47,3.67,31256.97,820431.5,Bank Transfer,
Piya Yohannan,3479394428,qbal@example.com,"58, Wable Nagar, Gorakhpur 813756",Tamil Nadu,2024-11-20,18K,Premium,325.414,6775.62,2204881.61,4.04,89077.22,2115804.39,Card,
Devansh Agrawal,7620087232,zchada@example.com,"H.No. 123, Soman Street, Bijapur-679124",Delhi,2023-11-23,22K,Premium,150.428,6170.38,928197.92,1.89,17542.94,910654.98,Card,
Arnav Sehgal,09062009235,vardaniya82@example.net,"17/806, Khanna Zila, Thoothukudi-936531",Telangana,2024-04-25,18K,Premium,820.167,6476.04,5311434.3,2.44,129599.0,5181835.3,Bank Transfer,
Heer Subramanian,4685273878,eva86@example.com,"14, Khosla Road, Mango-754024",West Bengal,2023-11-24,18K,Standard,663.718,6958.77,4618660.91,3.2,147797.15,4470863.76,Bank Transfer,
Aayush Dani,06364194443,lakshay07@example.org,"88, Mammen, Pudukkottai-447249",Rajasthan,2024-11-11,22K,Premium,14.389,5265.6,75766.72,0.24,181.84,75584.88,UPI,
Shlok Vohra,+911906987795,behlkartik@example.com,"H.No. 913, Varghese Zila, Chapra-114923",West Bengal,2024-09-25,24K,Standard,116.959,5039.1,589368.1,3.86,22749.61,566618.49,UPI,
Inaaya  Baria,+912138587801,dkade@example.com,"H.No. 36, Biswas Circle, Gandhidham 749225",Delhi,2025-04-20,22K,Standard,732.579,6423.64,4705823.77,3.84,180703.63,4525120.14,Cash,
Urvi Vohra,+915407755222,lallaurvi@example.org,"H.No. 58, Chauhan Ganj, Ramagundam-194148",Tamil Nadu,2024-08-01,18K,Premium,293.597,6089.62,1787894.16,2.61,46664.04,1741230.12,Card,
Hridaan Mannan,+913888573794,khushi13@example.org,"08/101, Yogi, South Dumdum-019817",Karnataka,2024-03-25,18K,Pure,803.398,5467.25,4392377.72,0.6,26354.27,4366023.45,Card,
Nakul Loyal,+915082246206,hazelchahal@example.org,"453, Goswami Street, Dehradun 665893",Delhi,2024-01-11,18K,Standard,688.898,5819.72,4009193.47,4.3,172395.32,3836798.15,UPI,
Kaira Bahl,+914830282419,sahildatta@example.net,"H.No. 216, Seth Chowk, Bhind-955478",Delhi,2024-10-25,24K,Premium,67.944,5269.73,358046.54,1.6,5728.74,352317.8,Cash,Adipisci assumenda quaerat cupiditate ducimus id.
Anaya Sen,+913370453119,eshani79@example.com,"49, Kata Circle, Gopalpur-200668",Telangana,2023-11-18,22K,Standard,60.265,5884.81,354648.07,0.2,709.3,353938.77,Card,Quas quidem ea.
Amani Chaudhary,+912514389836,lavanya12@example.net,"724, Soman Ganj, Medininagar 490136",Telangana,2024-11-25,22K,Pure,344.78,5510.19,1899803.31,4.97,94420.22,1805383.09,Cash,Voluptates eius veniam vero.
Sana Som,0944340286,sarrafindrans@example.net,"377, Chadha, Anand 828670",Kerala,2023-08-04,22K,Standard,734.575,6462.18,4746955.87,3.4,161396.5,4585559.37,Bank Transfer,
Hiran Konda,07931610554,rati68@example.org,"H.No. 965, Master Path, Jamshedpur 273202",Tamil Nadu,2024-03-13,22K,Premium,224.598,6414.06,1440585.05,2.89,41632.91,1398952.14,Bank Transfer,
Aaryahi Bhatnagar,9287458525,arnavsuri@example.org,"98/647, Yohannan Circle, Fatehpur 186415",Delhi,2024-11-19,18K,Pure,889.144,6310.61,5611041.02,0.67,37593.97,5573447.05,UPI,
Bhamini Shetty,+915130685678,azadgara@example.net,"01/060, Anne Zila, Thane-293221",Gujarat,2025-01-02,18K,Pure,985.533,6658.03,6561708.28,2.84,186352.52,6375355.76,Bank Transfer,
Mohanlal Mammen,7474801543,mkhosla@example.org,"22/34, Singhal Road, Anantapuram 216251",Rajasthan,2023-06-24,18K,Standard,990.177,6554.74,6490352.79,1.46,94759.15,6395593.64,Bank Transfer,Doloribus reprehenderit velit laborum.
Hansh Rama,00843011797,hiran37@example.net,"96/90, Chaudhary Path, Machilipatnam 632047",Delhi,2025-01-15,22K,Standard,565.55,6782.48,3835831.56,1.17,44879.23,3790952.33,UPI,
Ranbir Dayal,+915660605959,pari12@example.com,"61/15, Bhasin, Ozhukarai-026800",West Bengal,2023-06-02,22K,Standard,87.538,6273.81,549196.78,0.07,384.44,548812.34,Cash,Atque maxime porro tempora a dignissimos ipsa odio.
Nehmat Mani,+910205341235,varghesebaiju@example.net,"950, Bose Circle, Tadipatri-567692",Tamil Nadu,2024-09-29,18K,Premium,641.054,5166.06,3311723.43,1.92,63585.09,3248138.34,UPI,
Taran Dara,8212269020,senguptatarini@example.net,"862, Yadav Zila, Panihati 777220",Gujarat,2024-10-05,24K,Standard,321.211,6762.85,2172301.81,4.13,89716.06,2082585.75,Bank Transfer,
Anahita Ganesan,6497669839,nvarty@example.com,"H.No. 81, Datta Road, Sangli-Miraj & Kupwad 829664",Delhi,2024-11-13,18K,Pure,476.961,6155.0,2935694.96,0.53,15559.18,2920135.78,UPI,Dicta iste et facere.
Baiju Dewan,+917695059204,guptavardaniya@example.net,"H.No. 25, Iyer Path, Aurangabad 314685",Gujarat,2024-11-01,24K,Pure,919.744,5920.36,5445215.59,0.14,7623.3,5437592.29,UPI,Accusantium cumque provident expedita.
Samaira Contractor,5393505172,uborra@example.com,"H.No. 09, Kaur Path, Karnal-369315",Telangana,2024-02-15,18K,Premium,454.282,6918.28,3142850.07,0.22,6914.27,3135935.8,Cash,
Akarsh Bhasin,+914046316467,kavya79@example.org,"H.No. 41, Boase Road, Davanagere 664103",Karnataka,2024-10-12,22K,Premium,83.434,6338.52,528848.08,2.02,10682.73,518165.35,Cash,
Zaina Kashyap,04206436241,ranbiragate@example.org,"49/708, Dyal Marg, Siliguri-935385",Rajasthan,2023-12-21,18K,Premium,304.425,5713.37,1739292.66,1.09,18958.29,1720334.37,Card,
Mohanlal Subramaniam,6997169220,ganeshshlok@example.com,"786, Deo Circle, Kadapa-323933",West Bengal,2024-05-30,22K,Pure,638.149,5670.1,3618368.64,4.55,164635.77,3453732.87,Card,Atque reprehenderit excepturi culpa quia quibusdam amet.
Aaina Sandhu,09025556617,ishita01@example.com,"51/01, Bala Street, Latur-266997",Maharashtra,2024-02-03,18K,Premium,629.164,5240.72,3297272.36,2.66,87707.44,3209564.92,UPI,
Damini Apte,4024033374,yasminkanda@example.net,"H.No. 67, Kunda, Bijapur 034482",Maharashtra,2025-03-06,22K,Premium,326.33,6997.99,2283654.08,1.06,24206.73,2259447.35,Bank Transfer,
Divyansh Bir,01863880274,yviswanathan@example.net,"423, Apte Street, Yamunanagar 429725",Andhra Pradesh,2023-07-27,24K,Premium,49.745,5718.48,284465.79,3.72,10582.13,273883.66,Card,
Lakshay Chatterjee,07495658162,nchoudhary@example.com,"57/565, Chadha Path, Panipat 089280",Tamil Nadu,2023-08-17,22K,Pure,237.954,5446.29,1295966.49,3.07,39786.17,1256180.32,Cash,
Ivan Dara,4351245206,rsani@example.net,"93/300, Dutta, Chennai 839264",Telangana,2024-07-19,18K,Pure,734.665,6488.87,4767145.68,4.92,234543.57,4532602.11,Card,
Kanav Sinha,4367409288,mgoel@example.net,"37, Bhavsar Zila, Warangal 630127",Delhi,2023-07-11,22K,Pure,950.589,5066.76,4816406.32,0.03,1444.92,4814961.4,UPI,
Piya Sodhi,+919303035064,sverma@example.net,"78/85, Brahmbhatt Marg, Jaipur 600217",Andhra Pradesh,2024-01-30,24K,Premium,720.265,5241.35,3775160.96,4.24,160066.82,3615094.14,Cash,
Nehmat Venkataraman,+916039629253,krishishaan@example.com,"88, Kala Road, Aizawl-126141",Kerala,2024-07-30,22K,Standard,594.343,5380.49,3197856.57,1.89,60439.49,3137417.08,UPI,Rem quia quasi culpa incidunt.
Faiyaz Kunda,03118380307,zaina61@example.org,"88/476, Mangal Ganj, Amritsar 195311",Andhra Pradesh,2024-11-22,18K,Pure,38.791,5614.88,217806.81,4.77,10389.38,207417.43,UPI,
Yashvi Sinha,3904927631,kumarsaanvi@example.com,"981, Dhawan Marg, Tadepalligudem 358453",West Bengal,2023-08-07,18K,Standard,438.022,5478.54,2399721.05,3.01,72231.6,2327489.45,UPI,
Kismat Saxena,+919607321928,bumbfarhan@example.net,"11, Datta Road, Jhansi 340625",Andhra Pradesh,2025-01-20,22K,Pure,390.624,5760.51,2250193.46,1.26,28352.44,2221841.02,UPI,
Azad Kashyap,+914968489956,aniruddh68@example.net,"80, Chawla Ganj, Kalyan-Dombivli-443107",Karnataka,2025-03-26,24K,Standard,734.075,6471.92,4750874.67,4.28,203337.44,4547537.23,Cash,Beatae occaecati neque dolore magnam porro.
Indrajit Ganesan,8722037899,biradah@example.net,"H.No. 068, Sampath Ganj, Guna 459955",Tamil Nadu,2023-08-18,22K,Standard,153.263,6309.91,967075.74,3.19,30849.72,936226.02,Cash,
Gatik Rastogi,01880507361,tanand@example.org,"H.No. 064, Chad Road, Danapur-557898",Kerala,2024-08-15,24K,Premium,443.143,5991.43,2655060.26,2.13,56552.78,2598507.48,Cash,
Jayesh Sharma,05309032371,rattimahika@example.com,"H.No. 523, Brahmbhatt, Jammu-870895",West Bengal,2024-04-12,22K,Standard,954.08,6977.26,6656864.22,4.74,315535.36,6341328.86,Cash,Molestias et voluptas harum.
Taran Shukla,+917654974715,sinharenee@example.org,"H.No. 371, Taneja Marg, Machilipatnam 774304",Kerala,2025-01-28,24K,Standard,204.297,6248.66,1276582.49,4.77,60892.98,1215689.51,Cash,
Pranay Handa,5800688054,tripathimishti@example.net,"59/03, Singhal Path, Junagadh 938926",Gujarat,2024-02-11,18K,Pure,170.668,5123.29,874381.66,3.82,33401.38,840980.28,Card,
Dishani Sama,+913961154564,priyansh39@example.net,"37/087, Kashyap Nagar, Asansol 796343",Andhra Pradesh,2024-08-29,22K,Pure,152.346,6150.0,936927.9,2.86,26796.14,910131.76,UPI,
Raunak Shenoy,4358261694,esama@example.net,"56/05, Balay Nagar, Nagaon 266707",Andhra Pradesh,2024-10-04,24K,Premium,14.86,6054.61,89971.5,3.14,2825.11,87146.39,UPI,
Tara Gandhi,+919908816390,mandalmishti@example.org,"40, Reddy Circle, Baranagar-929747",Maharashtra,2024-01-02,22K,Pure,610.49,6182.01,3774055.28,4.73,178512.81,3595542.47,Bank Transfer,
Jayant Dhaliwal,+916891210346,gadeamira@example.net,"H.No. 443, Balakrishnan Marg, Mahbubnagar 832870",Rajasthan,2025-03-06,22K,Pure,80.571,6206.67,500077.61,3.42,17102.65,482974.96,Cash,
Lagan Handa,+913353772212,anvi67@example.net,"413, Sehgal Road, Morena-734378",Rajasthan,2025-01-13,22K,Pure,106.367,5481.86,583089.0,4.61,26880.4,556208.6,UPI,
Divij Zachariah,6934871266,kaira97@example.com,"H.No. 452, Brahmbhatt Path, Tiruvottiyur-137614",Kerala,2024-11-16,18K,Premium,538.391,6944.65,3738937.06,3.47,129741.12,3609195.94,UPI,
Shray Seshadri,7327828888,sairasrinivasan@example.com,"51/055, Khatri Chowk, Junagadh-866278",Kerala,2025-04-29,18K,Premium,625.548,6417.44,4014416.76,3.73,149737.75,3864679.01,Bank Transfer,
Anvi Dugar,+917440202943,mbasak@example.org,"H.No. 47, Batta Path, Agra-570709",Tamil Nadu,2023-12-18,18K,Premium,204.175,5798.65,1183939.36,1.43,16930.33,1167009.03,Bank Transfer,
Myra Mangal,05715748520,xarora@example.com,"H.No. 42, Gill Street, Rajkot 071201",Karnataka,2024-06-21,24K,Standard,951.673,6162.25,5864446.94,4.58,268591.67,5595855.27,UPI,
Manjari Kant,+915950347911,dugarfarhan@example.net,"79/731, Basak Road, Malda-006757",Maharashtra,2024-04-28,18K,Pure,667.555,6430.3,4292578.92,1.52,65247.2,4227331.72,Card,
Mehul Dalal,+910682555044,neysajhaveri@example.org,"H.No. 307, Chandra Marg, Medininagar-004355",Rajasthan,2023-09-24,22K,Pure,502.404,5800.29,2914088.9,3.97,115689.33,2798399.57,Card,Eos esse commodi accusantium.
Ayesha Comar,06180636443,riyakohli@example.com,"78/763, Ramanathan, Moradabad 192002",West Bengal,2024-08-02,22K,Pure,684.8,5250.28,3595391.74,1.2,43144.7,3552247.04,UPI,Ipsam quisquam facere cum distinctio dolorem.
Charvi Raju,6331774438,dishanisehgal@example.com,"81/34, Kannan Ganj, Ghaziabad 004956",Andhra Pradesh,2024-04-17,18K,Pure,170.93,6383.07,1091058.16,1.62,17675.14,1073383.02,Bank Transfer,
Eshani Sahota,+910314840752,nehmat01@example.net,"H.No. 61, Thaman Path, Karimnagar-597399",Rajasthan,2024-11-04,22K,Pure,435.088,5605.7,2438972.8,1.85,45121.0,2393851.8,Card,
Faiyaz Venkatesh,02646198851,ramtejas@example.com,"25/64, Gade Road, Sambhal-533625",Gujarat,2023-09-29,18K,Premium,825.27,5252.52,4334747.18,3.71,160819.12,4173928.06,Cash,
Prerak Madan,08770003216,hridaandey@example.net,"851, Manne Nagar, Sambhal-704501",Gujarat,2024-02-11,24K,Standard,188.942,5585.83,1055397.89,0.89,9393.04,1046004.85,Cash,Sapiente ut minus numquam quae.
Saira Keer,+917872917350,bansalmyra@example.com,"678, Date, Tirunelveli 577001",Andhra Pradesh,2024-05-11,18K,Premium,455.402,6915.15,3149173.14,4.25,133839.86,3015333.28,Bank Transfer,
Jivika Goyal,1364899297,guhavihaan@example.net,"12/026, Raj Nagar, Gaya-482943",West Bengal,2024-09-13,24K,Standard,229.728,5660.92,1300471.83,2.91,37843.73,1262628.1,UPI,Officiis deleniti distinctio reprehenderit quidem dignissimos.
Faiyaz Bajaj,3216289993,indranilthakur@example.com,"H.No. 03, Subramaniam Road, Mangalore 376793",Delhi,2023-11-23,22K,Premium,754.247,6035.45,4552220.06,1.07,48708.75,4503511.31,UPI,
Adira Grover,1872443576,sastrylakshay@example.net,"28/222, Chopra Street, Narasaraopet 700664",Karnataka,2023-12-06,24K,Pure,586.325,6669.63,3910570.81,2.66,104021.18,3806549.63,Bank Transfer,
Suhana Salvi,8947964880,bakshividur@example.net,"49/01, Dey Road, Berhampore 131458",West Bengal,2024-11-20,22K,Standard,972.785,6463.5,6287595.85,2.36,148387.26,6139208.59,UPI,
Kaira Devi,+915450299312,okaur@example.org,"96/612, Bassi Nagar, Mumbai-172794",Delhi,2024-10-15,22K,Standard,481.973,6010.5,2896898.72,0.78,22595.81,2874302.91,UPI,
Samar Bhasin,5577522252,oorja86@example.com,"915, Varkey Zila, Bardhaman 066572",Andhra Pradesh,2024-11-24,18K,Premium,597.022,6251.48,3732271.09,2.69,100398.09,3631873.0,Card,
Eshani Walia,2713420883,zkannan@example.com,"75/04, Chokshi Road, Berhampur-867227",West Bengal,2023-10-26,24K,Pure,900.347,5284.11,4757532.59,1.28,60896.42,4696636.17,Bank Transfer,
Tejas Ghose,+911650700651,regerenee@example.com,"12/888, Sachdeva Street, Pimpri-Chinchwad-226999",Kerala,2024-04-03,22K,Premium,590.075,5896.84,3479577.86,0.12,4175.49,3475402.37,Cash,Occaecati neque suscipit unde.
Prisha Kaul,+911463323795,daminidara@example.net,"H.No. 366, Bhasin Street, Sonipat-841898",Tamil Nadu,2024-10-17,24K,Premium,325.678,6119.02,1992830.2,1.99,39657.32,1953172.88,Card,
Vaibhav Balakrishnan,2769015085,srama@example.com,"H.No. 98, Arya Marg, Jaipur-409815",Andhra Pradesh,2023-07-06,22K,Premium,307.352,5465.58,1679856.94,0.03,503.96,1679352.98,UPI,
Renee Kurian,06411127233,aarna14@example.org,"H.No. 26, Rao Circle, Ichalkaranji-870815",Kerala,2025-01-07,18K,Premium,778.575,6733.92,5242861.76,3.69,193461.6,5049400.16,Bank Transfer,
Ayesha Khatri,+911305452878,bajajdiya@example.com,"H.No. 099, Dutt Road, Tadepalligudem 189188",Rajasthan,2023-12-20,18K,Premium,552.143,6899.21,3809350.51,1.25,47616.88,3761733.63,Card,
Advika Lad,+910093738200,tsha@example.com,"H.No. 106, Bhalla Chowk, Thrissur-543467",Telangana,2023-11-09,22K,Standard,873.286,6595.74,5759967.4,1.32,76031.57,5683935.83,Card,
Nitya Bhardwaj,+916202465364,tiyasant@example.org,"51/521, Kala, Rajpur Sonarpur-341024",Maharashtra,2025-01-07,24K,Standard,715.696,5916.1,4234129.11,2.61,110510.77,4123618.34,Card,Eum quos amet accusamus vel corporis.
Vihaan Goda,3408441086,ryankadakia@example.com,"863, Bassi Street, Latur 629494",Kerala,2024-08-26,18K,Pure,57.674,6839.22,394445.17,3.31,13056.14,381389.03,Card,
Divyansh Khare,04885152990,sanilavanya@example.net,"916, Dhaliwal Ganj, Jalandhar 541691",Delhi,2025-04-29,18K,Standard,465.05,6931.82,3223642.89,3.69,118952.42,3104690.47,UPI,
Myra Bhandari,8990623038,dishani01@example.com,"H.No. 52, Rege Circle, Bidar-845359",Andhra Pradesh,2024-11-09,24K,Standard,954.206,5357.66,5112311.32,1.6,81796.98,5030514.34,UPI,
Advik Bhattacharyya,03788924623,rohangaba@example.org,"00, Jhaveri Zila, Tirupati 568948",West Bengal,2024-03-17,24K,Pure,602.841,5219.45,3146498.46,2.77,87158.01,3059340.45,Bank Transfer,Quas voluptas necessitatibus itaque atque.
Akarsh Deol,5785008714,raghav86@example.com,"43/272, Doshi Road, Ambattur-536280",Delhi,2023-09-16,22K,Pure,708.906,5350.49,3792994.46,1.24,47033.13,3745961.33,Bank Transfer,Nostrum maiores quaerat maxime repellendus fuga.
Kashvi Srinivas,6551921868,jkuruvilla@example.org,"954, Doshi Nagar, Visakhapatnam-141479",Karnataka,2023-09-08,22K,Standard,407.331,5048.66,2056475.73,2.48,51000.6,2005475.13,Card,
Anahi Soman,+912372990028,armaan95@example.com,"655, Agarwal Chowk, Amaravati-774681",Tamil Nadu,2024-03-22,22K,Pure,205.922,5283.75,1088040.37,0.31,3372.93,1084667.44,Card,
Amira Ganguly,+913194442516,dugalkimaya@example.com,"H.No. 51, Mand Street, Nanded 499048",Telangana,2024-01-03,24K,Premium,584.385,6360.83,3717173.64,1.98,73600.04,3643573.6,Cash,
Siya Sachar,6894355398,anvisinghal@example.net,"65/71, Raval, Kharagpur-474059",Karnataka,2024-05-09,24K,Standard,106.173,5218.99,554115.83,1.48,8200.91,545914.92,Bank Transfer,
Pari Comar,5173749425,aniruddhbains@example.net,"88/38, Sunder Marg, Udaipur-760669",Maharashtra,2024-04-25,18K,Premium,8.547,6073.81,51912.85,0.5,259.56,51653.29,Card,
Nirvi Deol,2542522807,dishanisahota@example.com,"H.No. 752, Bhatt Chowk, Bhopal-257347",Maharashtra,2023-09-25,24K,Pure,853.082,5806.77,4953650.97,0.64,31703.37,4921947.6,Card,
Vidur Gopal,+913705056852,tanya76@example.com,"11/18, Ramesh Circle, Kalyan-Dombivli-183235",West Bengal,2024-08-02,22K,Pure,276.06,5008.91,1382759.69,3.29,45492.79,1337266.9,Cash,
Ayesha Sahni,05971926911,adira05@example.org,"258, Salvi Chowk, Medininagar-987131",Karnataka,2024-08-08,18K,Pure,774.572,5600.53,4338013.72,3.7,160506.51,4177507.21,Cash,Quo magnam perferendis ad magni ex.
Shaan Wadhwa,08021694455,ganeshzain@example.org,"H.No. 11, Gaba Zila, Guntakal-852410",West Bengal,2025-02-16,22K,Premium,198.656,6980.29,1386676.49,4.43,61429.77,1325246.72,Bank Transfer,
Zaina Saini,06377325026,rmahajan@example.com,"H.No. 342, Bala, Aurangabad 064438",Telangana,2025-02-13,18K,Premium,832.509,5779.58,4811552.37,0.07,3368.09,4808184.28,UPI,Corrupti magni hic expedita laudantium ipsam.
Oorja Rajagopalan,+914864373844,jlanka@example.net,"H.No. 84, Goda Marg, Aizawl 810951",Kerala,2024-03-10,22K,Standard,632.074,6107.4,3860328.75,1.97,76048.48,3784280.27,Card,Iusto facere quo a ipsum necessitatibus iste.
Purab Dugar,8175594773,okrishnamurthy@example.com,"14/941, Shetty Ganj, Nangloi Jat 807521",Delhi,2023-11-30,22K,Standard,852.0,5245.5,4469166.0,1.3,58099.16,4411066.84,Cash,
Dhanuk Shah,+917284596991,vyogi@example.org,"89/656, Master Ganj, Haldia-238818",Delhi,2024-05-05,18K,Standard,596.145,6515.47,3884164.86,0.77,29908.07,3854256.79,Card,
Nirvaan Chada,1559576050,neelofar73@example.com,"49, Kunda Chowk, Chandrapur 805556",Tamil Nadu,2024-03-30,24K,Pure,614.831,6695.42,4116551.77,4.04,166308.69,3950243.08,UPI,
Aayush Shetty,1847629418,hrishitadash@example.com,"H.No. 424, Kothari Nagar, Guntakal 154160",Gujarat,2023-06-08,24K,Premium,492.119,5613.28,2762401.74,1.5,41436.03,2720965.71,Bank Transfer,
Darshit Kulkarni,7380575979,sahil42@example.net,"50/24, Srivastava, Kamarhati 437949",West Bengal,2023-08-12,18K,Premium,409.036,6299.58,2576755.0,0.07,1803.73,2574951.27,Cash,
Zain Sheth,9673159967,bsharaf@example.net,"H.No. 81, Kala Circle, Berhampur 772974",Maharashtra,2025-03-11,18K,Pure,339.46,5833.91,1980379.09,3.17,62778.02,1917601.07,Cash,Molestiae quam eius nobis nobis repudiandae saepe.
Anahi Sunder,8544629625,aarushborah@example.net,"H.No. 131, Setty Path, Yamunanagar 904301",Delhi,2024-06-22,18K,Standard,578.771,6685.21,3869205.68,1.42,54942.72,3814262.96,Bank Transfer,
Aayush Khare,5859957833,shlok30@example.net,"18/11, Deshpande Street, Bilaspur 264533",Gujarat,2024-02-16,18K,Standard,734.35,5704.84,4189349.25,2.87,120234.32,4069114.93,Cash,
Nirvi Keer,1955240689,dishanidutta@example.net,"30/24, Gour Nagar, Pune 652226",Maharashtra,2025-05-18,24K,Premium,400.087,6177.66,2471601.46,4.62,114187.99,2357413.47,Card,
Ranbir Goswami,4227501997,lvarty@example.net,"H.No. 773, Sampath, Karnal 757451",Delhi,2025-05-02,18K,Premium,437.118,5819.38,2543755.75,1.48,37647.59,2506108.16,Cash,Dolorum unde possimus voluptatem inventore laboriosam.
Ehsaan Grewal,+915892306127,daliatrisha@example.net,"65, Rege, Khandwa 340790",Gujarat,2025-05-20,24K,Premium,240.523,6194.39,1489893.27,0.33,4916.65,1484976.62,UPI,Magnam facere accusantium facere pariatur ducimus voluptatem quam.
Vidur Yogi,+911320356786,tbanerjee@example.org,"39/523, Rege Chowk, Tadepalligudem 500324",Delhi,2024-07-18,22K,Premium,384.286,6899.4,2651342.83,4.3,114007.74,2537335.09,UPI,
Rhea Maharaj,+912666944426,gadehiran@example.org,"H.No. 137, Das Marg, Pallavaram 949176",Rajasthan,2024-06-07,22K,Premium,279.404,5631.9,1573575.39,1.14,17938.76,1555636.63,Bank Transfer,Corrupti aspernatur voluptas nemo labore mollitia hic.
Nayantara Saxena,+912452899946,iraval@example.org,"23, Mani Chowk, Sirsa 345430",Tamil Nadu,2024-10-07,24K,Pure,874.726,5911.84,5171240.16,0.77,39818.55,5131421.61,Cash,
Eva Tiwari,05052281079,tkaul@example.net,"H.No. 652, Mahal, Rampur-077797",Kerala,2025-03-15,24K,Standard,941.325,5867.66,5523375.05,4.85,267883.69,5255491.36,UPI,
Riya Atwal,04063918518,bedinirvaan@example.net,"73, Dhar, Guwahati-757463",Gujarat,2023-10-23,22K,Standard,565.182,5455.71,3083469.09,4.55,140297.84,2943171.25,Card,
Hazel Sridhar,3722899837,dinshayak@example.com,"H.No. 65, Ganesan Chowk, Solapur-911524",West Bengal,2025-05-21,22K,Premium,600.907,5394.91,3241839.18,0.65,21071.95,3220767.23,Cash,Et libero saepe blanditiis.
Rati Lal,1513645221,boserati@example.org,"72/389, Sethi Nagar, Panvel-432767",Andhra Pradesh,2024-12-02,18K,Premium,5.96,6176.55,36812.24,2.46,905.58,35906.66,Bank Transfer,
Seher Swamy,5707499216,zsamra@example.com,"44/048, Amble Chowk, Tenali 211238",Tamil Nadu,2025-04-18,24K,Premium,558.233,5165.55,2883580.47,4.36,125724.11,2757856.36,Bank Transfer,
Umang Bala,+911805503049,banerjeemanikya@example.net,"77/753, Vohra Circle, Thanjavur-758411",Delhi,2024-06-24,18K,Standard,933.5,5650.49,5274732.42,4.52,238417.91,5036314.51,Card,
Ritvik Kala,03669164259,qdate@example.org,"70/87, Brahmbhatt Road, Bettiah 701370",Rajasthan,2023-11-03,18K,Premium,356.241,5469.38,1948417.4,0.24,4676.2,1943741.2,Cash,
Sana Konda,05803600316,dsen@example.com,"07/346, Virk Road, Chittoor-265407",Delhi,2023-12-24,24K,Standard,286.781,5393.14,1546650.08,3.83,59236.7,1487413.38,UPI,
Aaryahi Dar,01353727322,azadhora@example.org,"H.No. 48, Khatri Ganj, North Dumdum-896858",Andhra Pradesh,2024-09-07,24K,Premium,957.503,5515.97,5281557.82,0.23,12147.58,5269410.24,Card,Ut ab accusantium.
Riaan Karpe,6502197508,himmatkaran@example.com,"27/56, Batra Street, Dindigul-759446",Andhra Pradesh,2025-04-21,18K,Pure,781.866,5214.45,4077001.16,3.08,125571.64,3951429.52,UPI,
Zara Varma,00700845333,tkhanna@example.com,"922, Kadakia Chowk, Ramgarh 754355",Gujarat,2025-05-02,24K,Standard,214.161,6313.82,1352174.01,0.54,7301.74,1344872.27,Card,
Azad Gandhi,03943262526,lakshaysastry@example.com,"H.No. 040, Das Road, Eluru-923609",Tamil Nadu,2024-09-21,18K,Premium,719.725,6117.73,4403083.22,4.56,200780.59,4202302.63,Bank Transfer,Soluta modi magni laudantium.
Elakshi Chacko,+916815807927,ksama@example.net,"12/45, Dutt, Guwahati-907643",Karnataka,2024-11-03,18K,Standard,390.739,6437.49,2515378.41,1.71,43012.97,2472365.44,Cash,
Madhav Badal,3295990594,kumarjayan@example.org,"72/10, Wadhwa Marg, Vasai-Virar 227210",Tamil Nadu,2024-06-25,22K,Standard,347.958,6847.6,2382677.2,2.47,58852.13,2323825.07,Card,
Indrans Sethi,09328988919,anikawadhwa@example.com,"H.No. 24, Virk Nagar, Meerut-769675",Telangana,2024-03-19,22K,Premium,489.421,5351.5,2619136.48,1.52,39810.87,2579325.61,Cash,
Manikya Chandra,7072482734,xrana@example.com,"H.No. 016, Ramanathan Marg, Jamnagar-458267",West Bengal,2024-09-02,22K,Pure,627.675,6904.46,4333756.93,3.75,162515.88,4171241.05,Bank Transfer,
Saanvi Dhar,+910097076080,bhavin71@example.net,"080, Keer Chowk, Raichur-692982",Maharashtra,2023-11-23,24K,Standard,670.288,5493.84,3682455.03,3.79,139565.05,3542889.98,Bank Transfer,
Uthkarsh Din,02410110944,suhanaramachandran@example.org,"891, Ravel Street, Rajkot-221728",Delhi,2024-10-15,22K,Standard,871.283,6867.97,5983945.51,3.22,192683.05,5791262.46,Cash,
Rohan Krishnamurthy,6187448584,bjohal@example.net,"H.No. 34, Mander Nagar, Kochi 285380",Delhi,2025-01-25,22K,Pure,274.215,5620.33,1541178.79,1.04,16028.26,1525150.53,Card,
Tanya Salvi,+911915397296,arhaanahuja@example.net,"H.No. 770, Upadhyay Road, Kottayam 200688",Gujarat,2025-02-05,18K,Premium,429.799,5168.0,2221201.23,0.92,20435.05,2200766.18,Bank Transfer,Voluptates sed perspiciatis reprehenderit illum.
Anika Kale,09142549056,deepabram@example.org,"H.No. 34, Ahluwalia Ganj, Chandigarh-379768",West Bengal,2024-09-27,24K,Standard,56.385,5849.18,329806.01,4.46,14709.35,315096.66,Bank Transfer,Ducimus atque itaque aut nesciunt.
Inaaya  Krish,09982792338,mrattan@example.org,"67/41, Kota, Mau-924803",Telangana,2023-11-24,22K,Standard,636.684,5468.76,3481871.99,2.21,76949.37,3404922.62,Bank Transfer,
Mohanlal Chanda,+912207655405,semyakshit@example.com,"829, Chaudhary Zila, Navi Mumbai 689123",Maharashtra,2023-07-17,22K,Standard,933.218,5246.22,4895866.94,3.64,178209.56,4717657.38,Bank Transfer,
Amani Roy,07607210737,veer40@example.org,"459, Raja Marg, Dehri 112928",Gujarat,2025-05-04,22K,Pure,365.273,6552.5,2393451.33,1.55,37098.5,2356352.83,Cash,Voluptatum sapiente nobis explicabo fugit.
Shaan Maharaj,6087758499,gdutt@example.org,"84/616, Krishnamurthy Road, Rajahmundry 068933",Gujarat,2023-10-14,24K,Standard,621.302,6362.27,3952891.08,0.4,15811.56,3937079.52,Card,
Reyansh Trivedi,02662435245,osama@example.com,"85/083, Date Marg, Vijayanagaram-032966",Tamil Nadu,2025-05-20,24K,Standard,491.726,5616.02,2761543.05,3.33,91959.38,2669583.67,Card,
Vivaan Divan,+918890194774,bhavinsaini@example.org,"91, Wason Zila, Mehsana-256608",Rajasthan,2024-11-03,24K,Premium,98.036,6648.97,651838.42,1.67,10885.7,640952.72,UPI,
Akarsh Trivedi,05742805171,shahneelofar@example.org,"81, Cheema Ganj, Kanpur-062687",Telangana,2023-12-07,18K,Pure,943.195,5708.32,5384058.88,0.04,2153.62,5381905.26,Cash,
Drishya Viswanathan,05651465590,benmadhup@example.org,"H.No. 10, Butala Path, Lucknow 583265",West Bengal,2024-06-20,18K,Pure,19.947,6079.49,121267.59,1.98,2401.1,118866.49,Bank Transfer,
Indrans Contractor,+910526595685,ebhasin@example.net,"H.No. 72, Hayer Circle, Pallavaram 652675",West Bengal,2024-04-13,22K,Pure,20.431,6829.06,139524.52,1.94,2706.78,136817.74,UPI,
Anahita Lad,+913112693453,wkarnik@example.com,"76/333, Kurian, Tezpur 711536",West Bengal,2024-11-12,18K,Pure,820.716,6297.95,5168828.33,4.36,225360.92,4943467.41,Bank Transfer,
Hansh Ranganathan,06248111898,vihaanraman@example.com,"01/854, Goswami Zila, Bikaner 298452",Kerala,2025-02-14,22K,Pure,782.552,6403.16,5010805.66,4.26,213460.32,4797345.34,Bank Transfer,Atque temporibus officiis iure quis.
Nehmat Deo,9523051187,bsastry@example.com,"863, Bhasin Nagar, Mahbubnagar 751772",Karnataka,2024-03-09,24K,Standard,388.37,5635.86,2188798.95,4.6,100684.75,2088114.2,Bank Transfer,
Ryan Chaudhari,6418265508,heer13@example.net,"88/404, Lala Road, Nanded 849879",Tamil Nadu,2024-04-25,24K,Premium,991.751,6303.02,6251026.39,0.01,625.1,6250401.29,Card,
Vihaan Ghosh,+910846546615,edwinadvika@example.org,"13/538, Chatterjee Path, Barasat 104061",Delhi,2024-07-25,22K,Premium,150.594,5563.54,837835.74,2.07,17343.2,820492.54,Cash,
Aniruddh Rana,+910854670663,alia25@example.com,"85, Shetty Chowk, Bhopal 978817",Karnataka,2024-09-17,24K,Premium,467.406,5786.53,2704658.84,1.84,49765.72,2654893.12,Card,Porro nam necessitatibus.
Aaryahi Sharaf,8399522572,nrama@example.com,"02, Seshadri Path, Begusarai-189499",Gujarat,2025-03-04,18K,Standard,741.09,6618.47,4904881.93,2.82,138317.67,4766564.26,Bank Transfer,
Nayantara Dube,01040334286,rayshalv@example.net,"75, Viswanathan Nagar, Raiganj-734450",Kerala,2024-10-05,22K,Premium,129.066,6289.75,811792.87,1.77,14368.73,797424.14,Bank Transfer,Laboriosam dolore nulla qui quidem repellendus.
Priyansh Buch,02744769131,ranbiredwin@example.net,"H.No. 83, Balan Chowk, Guna 914907",Delhi,2024-01-06,24K,Pure,270.854,6496.1,1759494.67,2.2,38708.88,1720785.79,Card,
Hansh Goda,05460193066,kiara90@example.net,"75, Chahal Nagar, Ambattur 977314",Rajasthan,2024-03-03,22K,Pure,43.171,6521.16,281525.0,3.4,9571.85,271953.15,Bank Transfer,
Manikya Apte,9131572449,vasahimmat@example.net,"33, Kale Nagar, Bettiah 005733",Rajasthan,2024-04-19,24K,Pure,40.61,6169.53,250544.61,3.57,8944.44,241600.17,Card,
Bhavin Bhat,05280235802,hridaan03@example.org,"00/07, Krishnan Ganj, Uluberia 155430",Rajasthan,2023-06-09,24K,Standard,781.886,6998.46,5471997.9,1.66,90835.17,5381162.73,UPI,
Bhavin Apte,3906195760,mahikaacharya@example.net,"09, Varkey Road, Rewa 050236",Gujarat,2023-06-05,22K,Premium,836.184,5431.6,4541817.01,4.47,203019.22,4338797.79,Card,
Parinaaz Srinivasan,+915668084951,jayantbanik@example.net,"H.No. 852, Agrawal Path, Aurangabad 647569",Andhra Pradesh,2025-02-08,18K,Pure,4.171,5468.47,22808.99,3.59,818.84,21990.15,Card,
Emir Bajwa,0988615528,jiyasaini@example.net,"H.No. 68, Datta Circle, Alwar-856937",Tamil Nadu,2024-01-29,18K,Premium,490.657,5443.14,2670714.74,0.94,25104.72,2645610.02,Bank Transfer,
Reyansh Kanda,01110136538,shlokviswanathan@example.org,"18, Dua Marg, Nellore-024750",Maharashtra,2025-01-07,24K,Pure,937.793,6981.17,6546892.36,4.22,276278.86,6270613.5,Bank Transfer,
Jhanvi Kari,+912734206501,riya72@example.org,"H.No. 54, Krishna Zila, Bihar Sharif 442322",Kerala,2023-11-28,18K,Pure,862.658,6859.75,5917618.22,1.07,63318.51,5854299.71,UPI,Labore ut perferendis eius minima at natus.
Raunak Gaba,+914993991102,cshroff@example.com,"86, Sandal Zila, Jalna-362826",Rajasthan,2025-03-30,22K,Premium,830.767,6222.88,5169763.35,0.46,23780.91,5145982.44,Bank Transfer,
Nehmat Master,03195324082,ahana-kaul@example.com,"997, Das Path, Pudukkottai 780660",Kerala,2023-09-21,24K,Pure,961.017,5051.37,4854452.44,3.33,161653.27,4692799.17,Bank Transfer,
Himmat Sabharwal,+914752118755,indranssaxena@example.net,"967, Gaba Street, Mahbubnagar-759203",Gujarat,2024-07-08,24K,Pure,779.34,5679.58,4426323.88,1.23,54443.78,4371880.1,Bank Transfer,Adipisci occaecati facere quidem nobis.
Jayant Luthra,05582128036,fchadha@example.net,"82, Chhabra Marg, Gopalpur 244677",Andhra Pradesh,2025-04-04,18K,Standard,735.638,5254.24,3865218.61,0.45,17393.48,3847825.13,Card,
Kimaya Sachar,+918714008005,indranilsood@example.net,"983, Sane Marg, Jamnagar 017171",Gujarat,2024-07-31,22K,Premium,687.206,6685.26,4594150.78,2.45,112556.69,4481594.09,Bank Transfer,
Anvi Venkatesh,7748285542,vedika26@example.net,"74/482, Aggarwal Zila, Saharsa-510339",Rajasthan,2024-12-10,18K,Standard,716.298,5160.75,3696634.9,1.33,49165.24,3647469.66,UPI,Eligendi eius commodi delectus.
Anika Andra,+918169457573,uppalstuvan@example.net,"H.No. 393, Devan, Hindupur 948468",Tamil Nadu,2024-03-22,22K,Premium,133.332,5292.56,705667.61,0.31,2187.57,703480.04,Cash,
Eva Majumdar,+915069584563,dharmajansubramanian@example.com,"77/009, Chhabra Circle, Akola 007925",Rajasthan,2024-12-04,22K,Standard,38.892,5099.31,198322.36,2.79,5533.19,192789.17,Bank Transfer,
Manikya Konda,05724814425,vkuruvilla@example.com,"45, Thaman Circle, Pimpri-Chinchwad-767813",Tamil Nadu,2025-05-13,22K,Standard,558.975,6365.47,3558138.59,3.12,111013.92,3447124.67,Bank Transfer,
Hrishita Garde,6646291202,heerwable@example.com,"H.No. 25, Ben Chowk, Jalandhar 660251",Karnataka,2023-08-26,22K,Pure,29.687,5679.28,168600.79,1.71,2883.07,165717.72,Card,
Kavya Salvi,+917308787400,urvibiswas@example.net,"531, Jhaveri Nagar, Bellary 428988",West Bengal,2024-11-27,24K,Standard,205.958,6142.63,1265123.79,1.48,18723.83,1246399.96,Bank Transfer,
Anvi Konda,+914677578768,iyerbadal@example.com,"H.No. 27, Swamy Path, Gaya-713097",Rajasthan,2023-12-31,24K,Premium,706.316,6625.29,4679548.33,0.23,10762.96,4668785.37,Card,Dicta quisquam eum iste vel omnis odit molestias.
Umang Raj,+915932562270,waglezaina@example.com,"91/51, Raja Zila, Ranchi-499677",Karnataka,2024-03-19,22K,Pure,279.916,5298.95,1483260.89,4.81,71344.85,1411916.04,Cash,
Prerak Wali,+913451308807,aarushtripathi@example.com,"937, Doctor, Delhi 998252",Andhra Pradesh,2024-09-01,22K,Pure,305.883,6639.1,2030787.83,0.86,17464.78,2013323.05,Bank Transfer,
Miraya Lata,+910942782663,ganesaninaaya@example.com,"H.No. 827, Ravi Street, Mango-139791",Karnataka,2024-02-21,22K,Premium,596.865,5556.07,3316223.72,0.59,19565.72,3296658.0,Card,
Manjari Kala,04741371738,miraya46@example.com,"36, Deshmukh Chowk, Chinsurah-978568",Delhi,2025-03-04,22K,Premium,472.607,6352.25,3002117.82,0.41,12308.68,2989809.14,Card,
Tushar Konda,4134330641,egoel@example.net,"H.No. 447, Butala Circle, Bhilai-049076",Rajasthan,2023-06-23,22K,Premium,879.619,6013.71,5289773.58,0.64,33854.55,5255919.03,Bank Transfer,Hic sed laudantium dicta ullam labore.
Shalv Tiwari,05457787362,ishitabasu@example.org,"H.No. 003, Chaudry Circle, Mysore-222328",Telangana,2023-11-19,22K,Premium,25.025,5522.8,138208.07,1.5,2073.12,136134.95,Bank Transfer,
Pari Chauhan,09122445273,damini69@example.org,"78/727, Sharaf Chowk, Chapra 246953",Karnataka,2023-10-27,24K,Standard,178.532,5044.44,900593.96,2.08,18732.35,881861.61,Card,Optio suscipit mollitia reiciendis soluta quis magnam.
Emir Kadakia,00816254172,chauhanneysa@example.org,"35, Boase Road, Asansol-871582",Andhra Pradesh,2024-01-28,22K,Premium,12.21,5020.74,61303.24,0.49,300.39,61002.85,UPI,
Rania Sastry,09325352768,fdugal@example.com,"91/636, Goswami Chowk, Moradabad-962275",Kerala,2023-11-24,22K,Premium,693.662,5396.16,3743111.14,3.92,146729.96,3596381.18,UPI,
Nitya Thaker,09976349501,mranganathan@example.org,"H.No. 88, Kumer Nagar, Chinsurah 573444",West Bengal,2024-04-15,24K,Standard,486.532,5204.9,2532350.41,1.33,33680.26,2498670.15,Card,
Anvi Gandhi,4471984336,raorasha@example.net,"33, Sinha Nagar, Loni 306005",Telangana,2025-03-03,24K,Premium,998.515,6532.53,6522829.19,3.75,244606.09,6278223.1,Card,
Madhup Krishnamurthy,6393086646,faiyazvasa@example.com,"61/646, Bhasin Ganj, Karawal Nagar-267303",West Bengal,2023-08-26,18K,Pure,331.388,6073.68,2012744.67,1.47,29587.35,1983157.32,Card,
Kavya Wadhwa,3018270707,tsankar@example.com,"H.No. 546, Barman Ganj, Kozhikode 921995",Rajasthan,2025-01-19,18K,Standard,174.403,5849.34,1020142.44,4.29,43764.11,976378.33,Bank Transfer,
Samarth Sachar,+919911191809,chirag69@example.net,"H.No. 151, Sidhu Path, Dibrugarh 059863",Karnataka,2023-09-25,24K,Pure,163.446,6271.32,1025022.17,2.03,20807.95,1004214.22,Bank Transfer,
Neelofar Din,+916020431456,devansh28@example.org,"519, Mahajan Ganj, Durg 944996",Kerala,2024-05-11,24K,Premium,824.203,5127.23,4225878.35,2.3,97195.2,4128683.15,Bank Transfer,A explicabo excepturi numquam.
Damini Bhatti,07333097708,nitarakarpe@example.org,"82, Kata Path, Gurgaon-790105",West Bengal,2023-07-12,24K,Standard,17.204,5557.12,95604.69,4.71,4502.98,91101.71,Cash,
Anaya Arora,4736627459,ybaria@example.net,"H.No. 42, Varty Nagar, Visakhapatnam 080266",Delhi,2024-10-13,24K,Pure,141.002,5159.11,727444.83,2.24,16294.76,711150.07,Card,
Jayan Khurana,03004830248,osalvi@example.net,"H.No. 034, Bahri Marg, Barasat-564159",Andhra Pradesh,2024-06-05,24K,Pure,701.427,5977.46,4192751.84,0.86,36057.67,4156694.17,Card,
Aarna Atwal,01946759854,kashvitiwari@example.com,"48/19, Wagle Path, Panchkula 239278",Kerala,2023-06-02,22K,Pure,399.038,6713.86,2679085.27,4.91,131543.09,2547542.18,UPI,
Shaan Rajagopalan,7534662635,tararao@example.net,"H.No. 452, Gaba Ganj, Bhopal-843990",Tamil Nadu,2024-09-24,18K,Standard,129.594,5722.32,741578.34,4.05,30033.92,711544.42,Bank Transfer,Ipsam ipsum perspiciatis eius magnam sit.
Tejas Barad,09237473832,sahagokul@example.net,"H.No. 36, Lanka Marg, Danapur-479147",Telangana,2024-08-02,18K,Premium,523.508,5988.14,3134839.2,1.7,53292.27,3081546.93,Bank Transfer,
Yuvaan Setty,8783748381,bavakhushi@example.com,"715, Dora Road, Pallavaram-858587",Karnataka,2024-04-10,24K,Premium,783.453,6962.4,5454713.17,1.63,88911.82,5365801.35,Cash,
Fateh Bassi,5718488937,xvirk@example.org,"H.No. 667, Bora Nagar, Madanapalle-960853",Delhi,2024-04-05,24K,Standard,635.414,6407.1,4071161.04,4.16,169360.3,3901800.74,Cash,
Umang Rau,+918464423153,khatritaran@example.net,"380, Swamy Marg, Anantapur-591909",Rajasthan,2023-06-15,18K,Pure,944.229,6138.72,5796357.45,4.55,263734.26,5532623.19,Cash,Delectus illum delectus illum facere illum.
Ivan Dhaliwal,2836599251,joshimisha@example.org,"541, Hayer Nagar, Korba-028589",Gujarat,2024-08-30,22K,Premium,115.381,6452.89,744540.9,1.56,11614.84,732926.06,Cash,Nesciunt inventore neque quos amet.
Taran Wali,+915102061925,sanidevansh@example.net,"52, Tella Path, Alwar 805470",Tamil Nadu,2023-11-27,22K,Standard,490.224,5063.07,2482038.43,4.04,100274.35,2381764.08,UPI,
Miraya Saini,4995095250,dchahal@example.net,"H.No. 75, Baria Road, Jaipur-025313",Rajasthan,2024-12-23,22K,Pure,663.079,6269.08,4156895.3,2.76,114730.31,4042164.99,Cash,Alias dicta doloremque dolore unde.
Shayak Andra,+912891478484,armaan26@example.net,"H.No. 66, Sachdev Street, Kadapa-603108",Rajasthan,2024-02-19,24K,Pure,879.888,6674.16,5872513.29,1.08,63423.14,5809090.15,Card,
Dhanuk Kade,03796585046,cyogi@example.com,"H.No. 731, Kunda Circle, Kota-315147",Andhra Pradesh,2023-08-08,24K,Pure,441.314,6350.28,2802467.47,4.17,116862.89,2685604.58,Cash,Reiciendis praesentium reprehenderit at maxime reprehenderit magni.
Zaina Dugal,+919624868924,sehergolla@example.net,"H.No. 79, Rana Circle, Bangalore 367632",Gujarat,2023-07-18,18K,Pure,501.673,5031.55,2524192.78,1.72,43416.12,2480776.66,Bank Transfer,
Elakshi Chakrabarti,01443365237,romilkhalsa@example.com,"249, Sibal Chowk, Kurnool-926261",Rajasthan,2023-09-14,18K,Standard,904.791,5293.57,4789574.49,0.89,42627.21,4746947.28,Cash,
Dishani Yadav,2303943035,mahika30@example.net,"H.No. 852, Wadhwa Zila, Nagercoil-379767",Rajasthan,2023-07-07,22K,Standard,404.441,6456.05,2611091.32,0.1,2611.09,2608480.23,Card,
Arnav Dutt,06196530353,dharaniruddh@example.net,"37/68, Rana, Nanded-105042",West Bengal,2025-01-11,18K,Premium,372.603,6767.88,2521732.39,1.26,31773.83,2489958.56,Cash,Nulla earum libero culpa expedita commodi.
Ritvik Yogi,2751114943,khuranainaaya@example.org,"45/584, Dube Nagar, Dhanbad 070021",Rajasthan,2025-03-17,18K,Pure,850.499,5842.9,4969380.61,2.57,127713.08,4841667.53,Bank Transfer,Sunt fugit modi tenetur doloremque blanditiis culpa.
Eshani Jha,+919930755320,dhruv19@example.net,"78/20, Tara, Nellore-386394",Gujarat,2024-03-05,18K,Standard,126.407,6174.18,780459.57,4.45,34730.45,745729.12,UPI,
Vritika Dani,+913952054197,zaina43@example.net,"22, Arora, Anand 406335",Tamil Nadu,2023-09-30,18K,Premium,7.312,6051.98,44252.08,3.63,1606.35,42645.73,Cash,
Vidur Shetty,+917995799510,dshan@example.com,"837, Chokshi Path, Kochi 147852",Karnataka,2024-07-31,24K,Premium,950.031,5662.66,5379702.54,4.15,223257.66,5156444.88,UPI,
Lakshit Raman,06521444227,sachdevsumer@example.org,"73, Mane Street, Bhiwandi-774057",Maharashtra,2024-01-11,22K,Pure,810.634,5657.99,4586559.07,3.9,178875.8,4407683.27,UPI,Explicabo eaque consequuntur quae ratione excepturi labore molestiae.
Manikya Bhardwaj,7933496900,walizain@example.net,"50/415, Ratta Ganj, Pali-736903",Kerala,2024-10-26,22K,Pure,683.886,6183.15,4228569.72,3.58,151382.8,4077186.92,Card,
Hridaan Chakraborty,04714645414,neelofar24@example.net,"H.No. 798, Verma Marg, Madanapalle 913356",Kerala,2023-09-14,18K,Premium,283.788,5475.09,1553764.84,4.86,75512.97,1478251.87,Cash,
Heer Devi,02705223645,saira24@example.net,"H.No. 691, Kade Nagar, Durg-319160",Andhra Pradesh,2024-10-30,24K,Pure,224.096,6824.01,1529233.34,3.35,51229.32,1478004.02,Card,Porro eveniet sunt odio.
Sara Chawla,+917131018839,romilrau@example.net,"H.No. 983, Buch Path, Bhiwandi 524474",Rajasthan,2024-05-26,22K,Standard,422.091,6522.84,2753232.06,3.69,101594.26,2651637.8,Card,
Mohanlal Srinivasan,08622458766,ghegde@example.net,"79, Tripathi Road, Karaikudi 462363",Tamil Nadu,2023-12-04,24K,Premium,243.253,5684.34,1382732.76,2.02,27931.2,1354801.56,Cash,
Navya Kannan,03252459106,fdora@example.com,"H.No. 963, Anand Ganj, Visakhapatnam-357367",West Bengal,2023-09-11,24K,Premium,716.978,6397.68,4586995.81,2.56,117427.09,4469568.72,Card,
Shaan Warrior,2517277955,kavyasaxena@example.net,"04/07, Bava Street, Howrah-531791",Maharashtra,2023-06-12,24K,Pure,897.525,5665.87,5085259.97,4.25,216123.55,4869136.42,UPI,
Zara Chatterjee,+919865081994,kben@example.org,"H.No. 82, Sampath Marg, Coimbatore-991954",Rajasthan,2024-08-14,18K,Pure,415.628,6037.78,2509470.43,1.87,46927.1,2462543.33,Bank Transfer,Nobis officia vitae sunt itaque.
Vivaan Bhasin,+917485313458,anay37@example.org,"621, Batra Circle, Tumkur-058647",Rajasthan,2023-07-19,24K,Premium,516.502,6497.32,3355878.77,1.97,66110.81,3289767.96,Card,
Piya Kara,9999130123,pihu38@example.org,"80, Srinivas Marg, Gandhinagar 735546",Andhra Pradesh,2024-07-31,18K,Pure,610.725,5222.53,3189529.63,0.53,16904.51,3172625.12,Cash,
Nitya Sharma,02636607363,yasmin16@example.org,"58/062, Mangal Street, Dehri 972670",Karnataka,2024-06-01,22K,Premium,933.582,6161.74,5752489.55,4.88,280721.49,5471768.06,Bank Transfer,
Jhanvi Kurian,01429296654,orastogi@example.org,"H.No. 532, Kalla, Bardhaman 707725",Delhi,2024-01-06,22K,Premium,346.041,5402.91,1869628.38,3.57,66745.73,1802882.65,Card,
Aradhya Sami,+917624773564,dixithiran@example.org,"H.No. 393, Maharaj Ganj, Bally-365251",Telangana,2024-03-24,24K,Standard,463.107,6202.26,2872310.02,1.99,57158.97,2815151.05,Cash,
Heer Vohra,00099214957,gokul78@example.com,"H.No. 438, Basak Marg, Mumbai-639701",Tamil Nadu,2025-02-16,22K,Premium,712.169,5537.05,3943315.36,0.29,11435.61,3931879.75,Bank Transfer,Et recusandae id harum delectus quibusdam.
Oorja Garde,03495851701,daraneysa@example.net,"71, Sathe, Aurangabad-297638",Karnataka,2024-10-12,18K,Pure,585.517,6118.57,3582526.75,2.71,97086.47,3485440.28,Bank Transfer,Dolor id exercitationem itaque odit minus exercitationem.
Kabir Sachdev,9625718831,shaanmannan@example.com,"58, Deshmukh Nagar, Nagercoil 664705",Tamil Nadu,2025-05-25,22K,Pure,76.993,6937.82,534163.58,0.82,4380.14,529783.44,Card,Doloremque veniam maxime eveniet vel.
Rhea Dhillon,09079436306,eshani63@example.net,"H.No. 238, Rana Road, Bhubaneswar-369868",Gujarat,2023-07-09,22K,Standard,290.594,5913.0,1718282.32,1.13,19416.59,1698865.73,Bank Transfer,
Oorja Savant,4137014157,vdayal@example.com,"H.No. 535, Sahota Nagar, Ulhasnagar-816881",Rajasthan,2023-10-25,18K,Pure,256.346,6291.29,1612747.03,4.28,69025.57,1543721.46,Bank Transfer,Culpa iure alias iure incidunt.
Advika Walla,+916911354200,jkanda@example.net,"182, Jhaveri Path, Junagadh 081779",Telangana,2024-03-08,22K,Standard,258.987,6983.27,1808576.15,1.91,34543.8,1774032.35,Card,
Dharmajan Brar,07520906387,krishsaanvi@example.org,"21, Dubey Nagar, Bhiwandi-452221",West Bengal,2024-06-07,18K,Premium,399.247,5727.13,2286539.47,1.56,35670.02,2250869.45,Bank Transfer,
Dhruv Wable,8112915291,vwagle@example.org,"710, Buch Ganj, Aizawl-790486",Delhi,2024-02-15,24K,Pure,952.092,6196.2,5899352.45,0.05,2949.68,5896402.77,Bank Transfer,Voluptatibus excepturi minus suscipit quas.
Kabir Dixit,07367922310,ranbirgour@example.org,"57/96, Ganesan Nagar, Kavali-790803",Gujarat,2024-05-07,24K,Premium,643.871,5917.76,3810274.05,4.57,174129.52,3636144.53,UPI,Dignissimos rem sed unde ex optio ut.
Tarini Bandi,+918709203613,issacdevansh@example.com,"709, Saran Path, Jorhat-217581",Maharashtra,2023-08-04,24K,Premium,998.792,5888.5,5881386.69,3.12,183499.26,5697887.43,UPI,
Veer Seth,0013072771,aaina87@example.net,"39, Suri Circle, Arrah-038158",Kerala,2024-03-17,22K,Premium,844.145,5623.42,4746981.88,1.34,63609.56,4683372.32,Cash,Eius voluptate voluptates a iusto.
Dhanuk Kant,8517406623,nbhatt@example.com,"H.No. 92, Dutt Path, Mangalore 842779",Karnataka,2024-03-02,24K,Premium,628.705,6285.29,3951593.25,0.16,6322.55,3945270.7,Cash,Mollitia repudiandae officiis expedita voluptas itaque possimus voluptates.
Tarini Dar,1479770838,ivana53@example.org,"435, Batra Zila, Tadipatri 961892",West Bengal,2024-12-13,24K,Premium,134.688,6847.09,922220.86,2.1,19366.64,902854.22,Bank Transfer,
Advik Ratta,+911807623460,anikagrover@example.net,"188, Saraf Path, Mirzapur-725632",West Bengal,2024-01-18,22K,Premium,783.657,6648.38,5210049.53,3.25,169326.61,5040722.92,UPI,
Vritika Saraf,00491345785,ojas64@example.com,"78/407, Vyas Zila, Gorakhpur-085257",Andhra Pradesh,2023-10-16,18K,Standard,795.849,6800.51,5412179.08,3.08,166695.12,5245483.96,Card,Nemo atque vero ut.
Hiran Amble,+915049069098,wasonreyansh@example.com,"H.No. 918, Bhatia Circle, Jaunpur 858697",Delhi,2024-11-12,24K,Pure,306.377,6222.77,1906513.6,0.4,7626.05,1898887.55,Card,
Trisha Walla,0143172093,shaanvyas@example.net,"49/007, Kuruvilla Zila, Warangal 037378",Delhi,2024-12-17,22K,Premium,77.481,5326.05,412667.68,2.58,10646.83,402020.85,Bank Transfer,Laborum iste facere maxime saepe repellat aliquid.
Mahika Trivedi,01999194095,shalvbala@example.org,"904, Raju, Bathinda-482844",Telangana,2023-08-19,24K,Premium,952.078,6006.16,5718332.8,4.52,258468.64,5459864.16,Cash,
Rohan Sibal,03081460938,vaibhav30@example.com,"59/18, De Marg, Nadiad-732647",West Bengal,2024-01-18,22K,Standard,475.733,5738.98,2730222.17,1.82,49690.04,2680532.13,UPI,
Arnav Ganesan,0505434417,shlok39@example.com,"45, Contractor Circle, Salem 664959",Telangana,2023-07-16,18K,Premium,558.912,6906.53,3860142.5,3.39,130858.83,3729283.67,Bank Transfer,Minima nihil cupiditate totam ut temporibus quo sint.
Heer Konda,2265806726,duayasmin@example.net,"710, Ramaswamy Circle, Gorakhpur-907315",West Bengal,2023-07-11,18K,Standard,569.745,6125.97,3490240.78,2.72,94934.55,3395306.23,Bank Transfer,
Faiyaz Mann,+910614494257,mishti62@example.org,"530, Devi, Guwahati 596318",Karnataka,2024-04-30,18K,Pure,344.736,5900.42,2034087.19,0.35,7119.31,2026967.88,Cash,
Anay Kalita,03017863829,ogarde@example.net,"80/213, Mander Road, Jodhpur 988537",Rajasthan,2024-06-13,24K,Standard,185.534,5661.87,1050469.39,3.07,32249.41,1018219.98,Card,Necessitatibus cupiditate similique magnam commodi praesentium.
Kiaan Seshadri,+915755801236,vben@example.com,"223, Rau, Tiruppur 846398",Kerala,2023-10-14,22K,Pure,906.137,6113.65,5539804.47,2.66,147358.8,5392445.67,Cash,
Nitara Sabharwal,7649778707,sabharwalaarna@example.net,"74/668, Shenoy, Asansol-683039",Maharashtra,2025-04-28,22K,Pure,662.694,6871.07,4553416.86,3.63,165289.03,4388127.83,UPI,
Damini Dass,3439574026,kmammen@example.net,"H.No. 010, Dar Marg, Kamarhati-124893",Karnataka,2024-05-14,18K,Standard,337.171,5223.77,1761303.75,3.25,57242.37,1704061.38,UPI,
Misha Shere,09267486212,sahil70@example.com,"94/03, Dar Path, Surendranagar Dudhrej-834285",Karnataka,2024-06-10,18K,Standard,695.368,6288.76,4373002.46,0.83,36295.92,4336706.54,Cash,
Dharmajan Thakkar,1253537449,uthkarsh14@example.net,"H.No. 768, Sabharwal Street, Bhubaneswar 165338",Tamil Nadu,2024-04-20,24K,Pure,965.025,6383.36,6160101.98,4.9,301845.0,5858256.98,UPI,Nemo architecto officia maiores minus.
Damini Varghese,07705720188,vihaan50@example.net,"51/16, Chadha Street, Katihar 084141",Maharashtra,2025-04-16,18K,Premium,973.17,5843.94,5687147.09,1.29,73364.2,5613782.89,UPI,
Vihaan Shroff,+913581859407,tejassachar@example.com,"H.No. 99, Banerjee Chowk, Amritsar-850017",Rajasthan,2023-07-27,18K,Pure,961.771,5045.16,4852288.58,1.8,87341.19,4764947.39,Bank Transfer,
Ayesha Kant,07979919729,emir95@example.org,"06, Ratta Street, Mangalore 721901",Telangana,2024-10-11,24K,Premium,402.368,5908.18,2377262.57,4.2,99845.03,2277417.54,Bank Transfer,
Piya Sanghvi,+919655775378,amadan@example.net,"21/955, Bera Ganj, Yamunanagar-011671",Andhra Pradesh,2023-12-30,24K,Standard,213.276,6480.71,1382179.91,2.45,33863.41,1348316.5,Bank Transfer,
Himmat Bera,06746740283,mishawalla@example.net,"H.No. 53, Bera Chowk, Guntakal-514078",Kerala,2023-11-14,18K,Standard,581.343,6928.13,4027619.88,0.65,26179.53,4001440.35,Bank Transfer,
Zara Kashyap,6356070672,neelofar68@example.net,"78, Jain, Satara 797615",Tamil Nadu,2024-11-15,24K,Pure,451.103,5877.2,2651222.55,3.51,93057.91,2558164.64,Bank Transfer,Corrupti in error exercitationem.
Dhanuk Cheema,3425908066,kimayaraja@example.org,"091, Bedi Road, Solapur-332166",Tamil Nadu,2024-08-31,22K,Premium,847.435,5518.0,4676146.33,2.13,99601.92,4576544.41,Bank Transfer,
Nishith Madan,+918386381484,divyansh42@example.com,"H.No. 545, Goswami, Kochi-930836",Kerala,2023-12-17,24K,Pure,769.303,5005.45,3850707.7,0.44,16943.11,3833764.59,Card,Ipsum sequi eligendi reprehenderit ducimus accusamus.
Ojas Bhargava,01292151417,ishitashenoy@example.net,"H.No. 74, Sharma Marg, Vijayawada 962858",Maharashtra,2025-04-07,18K,Premium,36.146,6673.81,241231.54,3.01,7261.07,233970.47,Cash,
Neelofar Dar,00099323881,johalpranay@example.net,"78/383, Ratti Zila, Thane 529750",Tamil Nadu,2024-07-18,18K,Pure,721.539,6117.81,4414238.51,1.01,44583.81,4369654.7,Card,Modi magni nesciunt.
Farhan Wali,03703255838,priyansh39@example.com,"47, Bajaj Chowk, Kishanganj 322138",Tamil Nadu,2024-07-16,24K,Premium,377.203,6364.34,2400648.14,3.91,93865.34,2306782.8,Card,
Khushi Choudhary,1670846147,mehulyohannan@example.net,"78/140, Warrior, Bhopal 842310",Maharashtra,2024-01-27,24K,Standard,971.576,5299.25,5148624.12,4.11,211608.45,4937015.67,Card,
Samarth Toor,3095937421,ebahri@example.net,"12/40, Swaminathan Nagar, New Delhi 535072",Maharashtra,2024-09-01,22K,Premium,359.835,6647.74,2392089.52,1.27,30379.54,2361709.98,Bank Transfer,
Inaaya  Andra,1707336878,dhanuk43@example.com,"48, Sheth Chowk, Jaipur 358320",Karnataka,2023-11-07,24K,Premium,337.509,5991.69,2022249.3,1.87,37816.06,1984433.24,UPI,
Neelofar Dugal,7287126264,shalv47@example.com,"H.No. 18, Sachdeva Street, Barasat-099354",West Bengal,2023-06-04,18K,Standard,251.028,5777.9,1450414.68,2.15,31183.92,1419230.76,UPI,
Indranil Subramanian,06071411351,shanaya65@example.com,"H.No. 300, Kapoor Chowk, Khandwa-787716",Maharashtra,2023-10-03,18K,Standard,875.413,5149.09,4507580.32,3.55,160019.1,4347561.22,Bank Transfer,Ab exercitationem minus doloremque illum sit laborum esse.
Shayak Viswanathan,2563375214,lshan@example.com,"H.No. 864, Chatterjee Street, Barasat-506975",West Bengal,2023-06-29,24K,Standard,346.757,5694.61,1974645.88,0.13,2567.04,1972078.84,Bank Transfer,
Siya Andra,1684709271,neysa80@example.net,"397, Wali Ganj, Bahraich-567572",Gujarat,2023-12-09,24K,Pure,401.017,6403.64,2567968.5,0.96,24652.5,2543316.0,Card,
Kimaya Sachdev,+913556652121,anayababu@example.org,"63/463, Aggarwal, Patiala-292783",Karnataka,2023-09-06,18K,Pure,681.008,6513.46,4435718.37,2.24,99360.09,4336358.28,UPI,
Shalv Dash,04063415714,chandertejas@example.net,"H.No. 22, Kunda Road, Kirari Suleman Nagar-471857",Kerala,2024-11-04,18K,Premium,306.315,6094.85,1866943.98,2.12,39579.21,1827364.77,Bank Transfer,
Faiyaz Karnik,+917320530106,adirarout@example.org,"43/967, Ramesh Zila, Thoothukudi-921637",Andhra Pradesh,2023-12-04,22K,Premium,801.842,5314.87,4261685.99,1.71,72874.83,4188811.16,UPI,Mollitia excepturi sit maiores consequatur.
Hridaan Kohli,+913805451026,zkari@example.com,"70/040, Tank, Jabalpur-507094",Andhra Pradesh,2024-08-17,24K,Standard,357.69,6784.19,2426636.92,2.36,57268.63,2369368.29,UPI,
Saanvi Gaba,02505104103,devanonkar@example.net,"004, Rastogi Zila, Vellore-519897",Tamil Nadu,2024-08-04,18K,Pure,25.003,6249.78,156263.25,2.52,3937.83,152325.42,Card,
Bhamini Dara,+915271976696,fateh03@example.net,"05/312, Kade Ganj, Alappuzha-331306",Rajasthan,2024-11-20,18K,Pure,129.937,5036.76,654461.48,2.09,13678.24,640783.24,Card,Alias tempora architecto corrupti accusantium quo blanditiis a.
Sara Chawla,3302273139,diya58@example.org,"510, Lanka Street, Anand 754414",Delhi,2023-07-10,18K,Standard,907.931,5405.93,4908211.43,0.24,11779.71,4896431.72,UPI,
Mahika Raman,9236709207,gwali@example.com,"87/10, Varkey Street, Bettiah 158849",West Bengal,2023-08-30,18K,Pure,717.8,5817.64,4175901.99,3.81,159101.87,4016800.12,Card,
Kanav Wagle,2129348237,qthaman@example.com,"211, Bahri Zila, Morbi-937768",Andhra Pradesh,2023-10-23,18K,Premium,385.767,6770.39,2611793.04,3.23,84360.92,2527432.12,UPI,Cumque iusto aut natus.
Navya Salvi,0045151364,faiyaz09@example.net,"H.No. 84, Balakrishnan Zila, Vellore 120492",Kerala,2024-10-04,18K,Pure,962.619,6149.82,5919933.58,4.38,259293.09,5660640.49,Card,
Jiya Bhatt,+915383533853,tvarghese@example.org,"14/15, Andra, Bhilai-282224",Karnataka,2024-06-16,22K,Standard,648.702,6357.01,4123805.1,4.04,166601.73,3957203.37,Card,
Aniruddh Subramaniam,9104066412,vanya82@example.com,"H.No. 119, Barad Circle, Siwan-685526",Andhra Pradesh,2025-05-29,18K,Premium,103.84,6434.63,668171.98,0.71,4744.02,663427.96,Cash,Officiis maiores dolorum facilis.
Eshani Sachdev,3514185956,pranayshere@example.com,"05, Agate Circle, Silchar 500707",Rajasthan,2025-01-04,18K,Pure,566.41,6534.32,3701104.19,2.53,93637.94,3607466.25,Bank Transfer,
Samar Kurian,3339540276,emir35@example.net,"H.No. 324, Dugal Path, Hazaribagh-959153",Maharashtra,2024-12-25,22K,Pure,871.228,5362.05,4671568.1,3.4,158833.32,4512734.78,Bank Transfer,
Anahi Dasgupta,1100298911,kotamadhav@example.com,"H.No. 541, Buch Street, Coimbatore 949589",Maharashtra,2024-04-20,18K,Premium,446.021,5202.75,2320535.76,0.31,7193.66,2313342.1,Cash,
Vaibhav Dube,1624964812,prerak72@example.com,"088, Chandran Street, Morena-220641",Tamil Nadu,2024-01-15,24K,Pure,156.84,5989.4,939377.5,2.87,26960.13,912417.37,Cash,
Shlok Vyas,05550230771,tarangoyal@example.org,"76/237, Jain Zila, Rajpur Sonarpur 525118",Rajasthan,2023-08-10,18K,Premium,675.409,5700.46,3850141.99,2.95,113579.19,3736562.8,UPI,
Kismat Sami,09149175961,kanav38@example.net,"41, Sharaf Ganj, Bahraich 662194",West Bengal,2024-03-16,24K,Premium,167.755,6931.56,1162803.85,0.86,10000.11,1152803.74,Card,
Mamooty Boase,2675344496,ksundaram@example.net,"25/378, Shukla Path, Indore-251784",Karnataka,2024-02-24,22K,Premium,201.212,6016.7,1210632.24,2.86,34624.08,1176008.16,Cash,
Oorja Deol,+911372908340,taimur17@example.org,"H.No. 90, Chowdhury Street, Malda-557837",Karnataka,2025-02-16,22K,Standard,358.997,6389.53,2293822.1,4.78,109644.7,2184177.4,UPI,
Arnav Shere,+913880833139,kavya67@example.com,"583, Sha Circle, Tirunelveli-388100",Rajasthan,2023-07-27,18K,Standard,118.694,5210.96,618509.69,2.29,14163.87,604345.82,Bank Transfer,Tempora architecto molestiae possimus sint.
Taimur Anne,+910177450553,eramachandran@example.org,"04, Chakraborty Street, Pimpri-Chinchwad 279028",Tamil Nadu,2024-10-06,22K,Standard,153.692,6603.28,1014871.31,3.32,33693.73,981177.58,Bank Transfer,
Abram Bava,5392431711,mehulborra@example.org,"212, Sengupta Road, Khammam-151074",West Bengal,2024-07-31,22K,Premium,10.183,5096.87,51901.43,3.25,1686.8,50214.63,UPI,Fugiat tempore blanditiis.
Amira Jhaveri,2567539722,akarshsaha@example.org,"61, Sura Road, Ahmednagar 195562",Gujarat,2024-08-23,22K,Pure,253.335,6873.99,1741422.26,0.47,8184.68,1733237.58,UPI,
Mehul Tank,09497595888,wallazaina@example.org,"81, Chowdhury Zila, Mira-Bhayandar-853596",West Bengal,2024-10-10,18K,Pure,17.254,6765.35,116729.35,1.98,2311.24,114418.11,UPI,
Gatik Bahl,09705010964,irege@example.org,"H.No. 997, Khare Circle, Vadodara 134828",Karnataka,2024-06-01,18K,Pure,672.111,5384.55,3619015.29,4.82,174436.54,3444578.75,Cash,
Himmat Badal,08195051230,prisha76@example.org,"92, Bains Circle, Sri Ganganagar-883544",Gujarat,2024-09-10,24K,Standard,223.363,6099.97,1362507.6,1.04,14170.08,1348337.52,Bank Transfer,
Tara Datta,01530951385,handasaira@example.com,"H.No. 227, Shankar Marg, Thiruvananthapuram 903541",Maharashtra,2025-04-03,24K,Standard,610.834,5386.74,3290403.94,4.97,163533.08,3126870.86,UPI,
Adah Kade,7610163505,ritviksandal@example.net,"H.No. 22, Goel Zila, Varanasi-054779",Tamil Nadu,2025-05-14,18K,Premium,683.724,5624.62,3845687.68,4.97,191130.68,3654557.0,UPI,
Oorja Tata,01394965394,rajagopalanehsaan@example.org,"328, Arora Path, Rajkot 770788",Delhi,2025-03-29,24K,Pure,91.902,5913.35,543448.69,3.84,20868.43,522580.26,Cash,
Jiya Sarna,+911169731671,bhavinbhavsar@example.net,"H.No. 920, Rau Chowk, Khammam-148561",Kerala,2025-04-09,24K,Premium,198.594,6501.86,1291230.38,0.7,9038.61,1282191.77,Bank Transfer,
Kimaya Sule,+918029200559,bgaba@example.com,"34/715, Kalita Chowk, Sasaram-687749",Karnataka,2025-01-19,18K,Pure,593.521,5945.93,3529034.32,0.18,6352.26,3522682.06,Card,Nihil odio reiciendis cumque fuga.
Shalv Bhatti,06517333483,jaggibhavin@example.com,"H.No. 670, Badal Circle, Thanjavur 896515",Karnataka,2025-04-13,18K,Pure,444.225,5010.71,2225882.65,2.09,46520.95,2179361.7,Bank Transfer,Nostrum vel ea quis.
Madhav Sagar,+911898795413,aarav81@example.net,"68/786, Dayal Zila, Tinsukia-083980",Gujarat,2023-11-15,24K,Pure,111.813,5878.43,657284.89,2.59,17023.68,640261.21,UPI,Sapiente aspernatur dolore modi iure facilis perferendis rerum.
Yashvi Acharya,+912520188322,rohanbala@example.net,"16/25, Vora, Bhiwandi 369999",Kerala,2024-05-02,22K,Premium,411.036,6237.11,2563676.75,1.16,29738.65,2533938.1,Bank Transfer,
Khushi Zacharia,+915513062036,shaan79@example.org,"H.No. 984, Datta Circle, Guntur 688246",Andhra Pradesh,2024-03-07,24K,Pure,591.651,6209.61,3673921.97,3.37,123811.17,3550110.8,UPI,
Ryan Koshy,7994818485,samarthwalla@example.net,"94, Comar Path, Firozabad-633684",West Bengal,2023-11-30,18K,Pure,699.124,5549.9,3880068.29,0.58,22504.4,3857563.89,Card,
Ira Ben,01661942402,tdua@example.net,"753, Yohannan Street, Faridabad-065669",Telangana,2023-11-19,24K,Standard,509.831,5900.42,3008217.03,4.55,136873.87,2871343.16,Cash,
Rania Gill,2682766103,sairamangat@example.com,"86/990, Banik Chowk, Anantapur 054981",Delhi,2025-05-22,24K,Premium,958.813,6704.86,6428706.93,2.56,164574.9,6264132.03,Cash,
Misha Dubey,+916079014855,shraygarg@example.net,"315, Savant Path, Gaya-499425",Kerala,2023-11-20,18K,Pure,228.458,5855.88,1337822.63,2.6,34783.39,1303039.24,Card,Quis pariatur magnam impedit placeat sapiente magni.
Lakshay Zacharia,9828528060,qseshadri@example.net,"H.No. 748, Garg Circle, Vadodara 710792",Telangana,2024-05-15,22K,Pure,760.282,6418.31,4879725.56,0.41,20006.87,4859718.69,UPI,
Damini Ratti,3008957549,ramhiran@example.net,"55/67, Kunda Circle, Ramagundam-546839",Andhra Pradesh,2023-12-06,24K,Standard,897.119,5511.87,4944803.3,3.84,189880.45,4754922.85,Card,Perferendis consequuntur tempore temporibus voluptates similique ullam.
Mahika Hans,08143931989,rattantanya@example.net,"H.No. 169, Doctor Nagar, Aurangabad 039181",West Bengal,2024-12-05,22K,Pure,380.046,5989.49,2276281.72,3.17,72158.13,2204123.59,UPI,Quae velit doloribus natus error sit minima.
Zaina Vasa,0059116613,ratisrinivasan@example.org,"22/46, Doctor Nagar, Bhilwara-597829",Rajasthan,2024-04-08,18K,Pure,176.187,5677.92,1000375.69,2.12,21207.96,979167.73,Cash,Cum earum magnam provident.
Taimur Chokshi,6146525597,shlok12@example.org,"H.No. 918, Chad Chowk, Madurai-705746",Karnataka,2023-09-24,24K,Premium,880.586,6051.63,5328980.66,1.74,92724.26,5236256.4,Bank Transfer,
Shanaya Mane,6225179265,lavanya99@example.net,"83/175, Kata Road, Unnao 997466",Maharashtra,2024-12-13,22K,Pure,230.311,5974.92,1376089.8,0.76,10458.28,1365631.52,Card,
Ehsaan Kumar,+913686848937,mamooty26@example.com,"H.No. 90, Ahuja Path, Medininagar 169625",Maharashtra,2023-09-17,22K,Pure,87.985,5773.24,507958.52,3.31,16813.43,491145.09,Cash,
Amira Borde,+917744970758,keya22@example.org,"H.No. 592, Grewal Marg, Bikaner-498549",Andhra Pradesh,2023-07-04,18K,Premium,620.605,6598.66,4095161.39,4.33,177320.49,3917840.9,Bank Transfer,
Zoya Sekhon,03257317282,csur@example.net,"H.No. 807, Vora Circle, Latur-314996",Maharashtra,2025-03-14,18K,Pure,783.809,5790.1,4538332.49,4.97,225555.12,4312777.37,UPI,
Yakshit Bajaj,+913474426268,yuvraj-90@example.net,"320, Boase Chowk, Bhimavaram 786866",Maharashtra,2024-07-01,22K,Standard,275.293,5799.43,1596542.48,1.22,19477.82,1577064.66,Cash,Beatae nostrum voluptate aperiam ipsam non.
Zain Sane,+913558429989,abram07@example.com,"H.No. 192, Kohli Path, Coimbatore 994226",Andhra Pradesh,2024-02-17,18K,Standard,221.6,5475.24,1213313.18,1.71,20747.66,1192565.52,Card,Velit hic necessitatibus ipsum.
Anika Kalla,03759873385,mishtiraja@example.net,"90/898, Sehgal Circle, Panihati-642582",Andhra Pradesh,2024-04-18,22K,Premium,414.369,5213.86,2160461.95,4.89,105646.59,2054815.36,Bank Transfer,
Faiyaz Sabharwal,+919825973499,nitaradewan@example.org,"58/087, Chakrabarti Street, Warangal-947410",Telangana,2025-04-30,18K,Pure,427.559,6037.58,2581421.67,3.33,85961.34,2495460.33,Card,
Darshit Iyer,05803508582,divij49@example.com,"H.No. 781, Sampath, Warangal-403868",Tamil Nadu,2024-05-31,22K,Pure,142.825,6500.99,928503.9,2.75,25533.86,902970.04,Cash,
Saanvi Vasa,0845321543,bassilavanya@example.org,"027, Tripathi Nagar, Jalandhar-293086",Maharashtra,2023-10-11,24K,Premium,915.371,6678.67,6113460.84,2.68,163840.75,5949620.09,Cash,
Jivin Dugar,8786534025,rdivan@example.org,"62, Gaba, Sangli-Miraj & Kupwad 871145",Rajasthan,2023-06-14,18K,Pure,681.125,5886.39,4009367.39,4.1,164384.06,3844983.33,Bank Transfer,
Ranbir Chakraborty,3994175066,usetty@example.org,"482, Kala Ganj, Jaipur 247032",Telangana,2024-05-26,22K,Standard,382.405,5583.35,2135100.96,1.47,31385.98,2103714.98,Bank Transfer,
Yasmin Dalal,04346797740,indrajit50@example.net,"80, Kara Zila, Meerut-608784",Delhi,2024-03-31,18K,Pure,742.77,6103.0,4533125.31,0.95,43064.69,4490060.62,Card,Delectus deserunt facilis sunt omnis veritatis distinctio hic.
Gokul Bhatia,2832167783,zbarad@example.net,"46/57, Bose Path, Morbi-407094",Telangana,2024-02-07,18K,Premium,548.743,6669.04,3659589.02,3.67,134306.92,3525282.1,Bank Transfer,
Darshit Ramanathan,04039966208,bhagatstuvan@example.com,"02/46, Agrawal, Bettiah 881886",Kerala,2024-10-01,24K,Premium,718.14,6723.32,4828285.02,3.26,157402.09,4670882.93,Card,
Tarini Chokshi,8682080488,koshypihu@example.com,"107, Gill Marg, Chinsurah 022033",Tamil Nadu,2024-01-29,22K,Premium,359.19,5924.54,2128035.52,0.85,18088.3,2109947.22,Cash,
Heer Kota,8677395224,rvasa@example.net,"H.No. 280, Agrawal Circle, Vadodara 707919",West Bengal,2024-08-15,18K,Premium,57.356,5017.77,287799.22,0.53,1525.34,286273.88,Bank Transfer,
Neysa Baral,4211689117,tushar03@example.net,"H.No. 669, Sinha, Mehsana 907412",Rajasthan,2024-08-04,22K,Premium,363.036,5522.83,2004986.11,1.04,20851.86,1984134.25,Cash,
Tushar Zacharia,+913633371349,vedika08@example.org,"H.No. 86, Handa Nagar, Coimbatore-480972",Karnataka,2025-03-04,18K,Standard,426.708,5793.58,2472166.93,4.87,120394.53,2351772.4,Card,
Armaan Bhagat,08867035057,ranganathanprisha@example.org,"H.No. 049, Sarma Path, Munger 441888",Kerala,2023-11-30,18K,Standard,93.411,6242.82,583148.06,1.84,10729.92,572418.14,UPI,Non ex id quos fugit aliquid.
Oorja Bhalla,5829222539,kchand@example.com,"38/749, Chaudhry, Hospet 622474",Tamil Nadu,2024-02-17,24K,Premium,146.4,5998.74,878215.54,4.54,39870.99,838344.55,Cash,
Nishith Ram,+915842681667,fbassi@example.net,"672, Behl Path, Tirunelveli 242864",Telangana,2024-06-30,24K,Pure,201.742,5634.19,1136652.76,0.68,7729.24,1128923.52,Cash,Placeat pariatur iure voluptates.
Kashvi Basak,0945463005,hirangopal@example.org,"665, Devi Ganj, Baranagar-106289",Andhra Pradesh,2024-01-01,24K,Standard,853.462,5544.35,4731892.04,3.09,146215.46,4585676.58,Bank Transfer,Exercitationem suscipit sed recusandae.
Divij Dani,8096379949,sakshamsidhu@example.net,"628, Manne Street, Bijapur 220736",Maharashtra,2023-11-27,24K,Standard,167.391,6337.7,1060873.94,4.33,45935.84,1014938.1,UPI,
Tarini Sood,00800237585,alishaganguly@example.net,"014, Majumdar, Hajipur 671016",Karnataka,2024-08-15,24K,Premium,500.441,6351.83,3178716.16,1.07,34012.26,3144703.9,Cash,
Saksham Johal,+913838199820,aurorajivin@example.org,"H.No. 096, Solanki Nagar, Phusro-513388",Tamil Nadu,2024-09-13,22K,Pure,987.277,6466.48,6384206.97,1.45,92571.0,6291635.97,Bank Transfer,
Kismat Kant,02142739733,lsoni@example.net,"68, Kaur Path, Mau-854137",Tamil Nadu,2024-12-09,24K,Premium,331.557,6667.6,2210689.45,1.68,37139.58,2173549.87,Bank Transfer,
Kismat Kalla,+919123771960,chadakarsh@example.org,"154, Sawhney, Kharagpur-173279",Kerala,2023-10-04,22K,Premium,624.698,5805.88,3626921.62,4.45,161398.01,3465523.61,Bank Transfer,Delectus perferendis omnis atque libero laudantium.
Hrishita Seth,+912294437024,nishith90@example.com,"05, Gaba Circle, Imphal-694572",Gujarat,2023-10-27,24K,Premium,863.11,6054.25,5225483.72,1.07,55912.68,5169571.04,Card,
Samarth Magar,03290458640,gulatinakul@example.com,"224, Bir Road, Bahraich 136920",West Bengal,2024-03-01,18K,Premium,270.219,6363.06,1719419.71,4.9,84251.57,1635168.14,Card,
Nirvi Barad,6520227140,wadhwaaniruddh@example.org,"68/320, Dass, Jalna-716265",Rajasthan,2024-02-07,22K,Premium,173.268,5682.03,984513.97,3.8,37411.53,947102.44,UPI,
Yuvraj  Ghose,5393141472,lakshay66@example.org,"68/863, Kalla Zila, Kurnool 866326",Tamil Nadu,2024-08-23,22K,Pure,144.32,5959.37,860056.28,3.31,28467.86,831588.42,UPI,Assumenda quae rem ut.
Lavanya Khatri,+918778175363,xray@example.org,"62/810, Ahluwalia Circle, Raichur-403195",Maharashtra,2024-03-04,22K,Premium,487.449,6724.99,3278089.65,2.98,97687.07,3180402.58,UPI,
Siya Kapoor,+918001224505,samairakrish@example.net,"H.No. 387, Lanka Ganj, Gorakhpur-037579",Telangana,2025-02-24,22K,Premium,702.478,6120.5,4299516.6,4.24,182299.5,4117217.1,Card,Porro quisquam nemo magnam reprehenderit neque.
Anahita Maharaj,7442540566,sandhumanikya@example.org,"322, Sheth, Srinagar-998123",Tamil Nadu,2024-06-07,18K,Pure,502.212,6585.95,3307543.12,2.17,71773.69,3235769.43,Cash,
Kavya Baria,+919657884536,armaanmagar@example.org,"H.No. 79, Kuruvilla Road, Sri Ganganagar-601755",Kerala,2024-10-23,18K,Pure,893.055,6705.98,5988808.97,3.84,229970.26,5758838.71,Cash,
Mamooty Mangat,03019702229,waliaanahita@example.com,"17/807, Kanda Nagar, Dehri-099735",Tamil Nadu,2023-11-12,18K,Premium,770.507,6212.32,4786636.05,3.08,147428.39,4639207.66,Card,Iste corporis ab iusto neque.
Ehsaan Jani,6894193950,yasmin27@example.net,"99/46, Andra Marg, Bhiwandi-707947",Andhra Pradesh,2023-06-25,24K,Premium,308.704,6518.28,2012219.11,0.94,18914.86,1993304.25,Bank Transfer,
Yasmin Kale,7793471104,kimayasarkar@example.com,"21/648, Varghese Nagar, Sonipat-870433",Andhra Pradesh,2024-03-24,22K,Premium,239.915,5651.2,1355807.65,3.76,50978.37,1304829.28,UPI,
Yuvraj  Gupta,+919676780458,kadehridaan@example.com,"444, Manne Path, Hubli–Dharwad 927712",Andhra Pradesh,2024-08-25,22K,Pure,455.164,6433.72,2928397.73,4.97,145541.37,2782856.36,Cash,
Yasmin Bawa,00967614177,alia29@example.net,"816, Kanda Circle, Bongaigaon 032363",Tamil Nadu,2024-04-12,18K,Standard,253.992,5925.31,1504981.34,0.4,6019.93,1498961.41,Bank Transfer,Molestiae eius est perferendis.
Aaryahi Lad,05851661794,jiya81@example.net,"18, Dara Ganj, Cuttack-299716",Andhra Pradesh,2024-08-18,18K,Premium,48.768,6861.02,334598.22,2.73,9134.53,325463.69,UPI,Voluptatem minima consectetur aut dolor aliquam.
Ahana  Randhawa,02761624689,tboase@example.com,"63/58, Dugar Circle, Nagaon-975138",Karnataka,2024-08-14,22K,Pure,342.484,5757.06,1971700.94,4.66,91881.26,1879819.68,Card,
Reyansh Bansal,+913452057867,hrishitavora@example.org,"13/273, Bobal Nagar, Panchkula-076015",Rajasthan,2024-04-11,22K,Standard,733.375,5804.02,4256523.17,2.49,105987.43,4150535.74,Cash,
Saanvi Joshi,+915182992536,schaudhary@example.net,"H.No. 50, Walia, Buxar-668918",Andhra Pradesh,2024-05-01,22K,Standard,592.028,5097.96,3018135.06,0.99,29879.54,2988255.52,Bank Transfer,
Yuvaan Iyer,+917128560289,charvidugal@example.org,"H.No. 20, Manne Street, Alwar 098484",Tamil Nadu,2023-06-20,22K,Standard,857.475,5452.19,4675116.62,4.86,227210.67,4447905.95,Card,Libero earum deserunt totam.
Romil Ramesh,07262117814,hazel11@example.net,"H.No. 80, Sarma Nagar, Satara-915800",West Bengal,2023-06-22,18K,Standard,84.998,5734.73,487440.58,1.7,8286.49,479154.09,Cash,
Dhruv Sarraf,0025123957,elakshiwarrior@example.org,"H.No. 132, Agrawal Chowk, Ludhiana 191954",West Bengal,2023-09-17,18K,Pure,797.824,6725.59,5365837.12,4.27,229121.25,5136715.87,UPI,
Chirag Rattan,+917260710447,aayushchad@example.net,"423, Ranganathan Chowk, Lucknow 185879",West Bengal,2024-10-19,18K,Pure,927.974,5139.07,4768923.34,4.01,191233.83,4577689.51,Cash,
Jayan Mangal,+910589907807,ebail@example.org,"856, Solanki Street, Patna-891278",Kerala,2023-06-24,22K,Pure,504.992,6490.75,3277776.82,3.78,123899.96,3153876.86,UPI,
Farhan Choudhury,7979070516,alisha89@example.net,"88/73, Rastogi, Jalandhar 106142",Rajasthan,2024-12-14,22K,Standard,468.642,5152.26,2414565.43,1.48,35735.57,2378829.86,UPI,Aliquam labore placeat consequuntur maiores libero velit sit.
Prerak Saha,04638960243,myra68@example.com,"37, Loyal Chowk, Tirupati-148420",West Bengal,2024-10-26,18K,Pure,616.223,5049.54,3111642.69,0.15,4667.46,3106975.23,Card,
Abram Tak,+912151879930,tushargoda@example.org,"43, Sarin Path, Nagpur-760372",Delhi,2024-01-04,22K,Pure,158.822,6782.48,1077207.04,0.01,107.72,1077099.32,UPI,
Neelofar Randhawa,04092513198,fbedi@example.com,"H.No. 81, Chaudry Marg, Varanasi 232613",Kerala,2024-09-13,18K,Pure,373.705,6750.95,2522863.77,1.05,26490.07,2496373.7,Card,Laborum ad voluptates ipsa alias quae repudiandae.
Emir Ranganathan,09744942945,faiyaz18@example.net,"H.No. 61, Agrawal Zila, Yamunanagar-935521",Maharashtra,2023-09-19,18K,Standard,549.414,6647.83,3652410.87,3.67,134043.48,3518367.39,Card,
Aayush Bhatt,2983004835,badaldivyansh@example.net,"H.No. 25, Arya Ganj, Sambhal 415721",Maharashtra,2024-04-29,24K,Standard,916.382,6517.66,5972666.31,0.13,7764.47,5964901.84,Cash,
Zara Bora,8590068610,balaaina@example.net,"15, Dugar Nagar, Amritsar-303132",Delhi,2023-07-13,24K,Standard,716.623,5608.89,4019459.58,1.51,60693.84,3958765.74,UPI,
Madhav Kalita,+911505262679,aborah@example.net,"H.No. 246, Ramakrishnan Ganj, Shivpuri-119038",Gujarat,2025-05-10,24K,Pure,117.329,6699.64,786062.06,3.18,24996.77,761065.29,Card,
Renee Wagle,+913926534691,umang30@example.org,"H.No. 744, Hans Road, Bahraich 638342",Karnataka,2025-02-05,24K,Premium,448.021,5952.92,2667033.17,3.0,80011.0,2587022.17,Bank Transfer,Vel sequi cumque et.
Zara Rastogi,+917490392046,prishachar@example.com,"H.No. 746, Tata, Bokaro 139984",Maharashtra,2024-07-31,18K,Standard,976.311,5976.87,5835283.93,4.37,255001.91,5580282.02,Card,
Jivika Bansal,+918363887894,manikyagara@example.net,"63/509, Magar Street, Berhampur-998952",Kerala,2024-11-14,24K,Pure,723.98,5034.47,3644855.59,1.52,55401.8,3589453.79,Card,
Vedika Solanki,+917515809968,shamik10@example.com,"H.No. 397, Sinha Chowk, Allahabad 669805",Telangana,2023-08-01,22K,Premium,575.14,6716.4,3862870.3,2.85,110091.8,3752778.5,UPI,
Vidur Kumar,+916472870994,bhatiauthkarsh@example.org,"36/75, Arya Road, Ambarnath-965567",Rajasthan,2024-03-17,24K,Premium,727.14,5606.68,4076841.3,3.91,159404.49,3917436.81,Bank Transfer,
Darshit Bansal,+914083069790,aaryahide@example.net,"86/45, Walia Circle, Shimla 550858",Andhra Pradesh,2024-06-17,24K,Standard,515.217,6615.65,3408495.35,3.67,125091.78,3283403.57,Cash,
Sahil Varkey,9300313779,alisha83@example.com,"48/088, Balan Chowk, Bhilai 946246",Maharashtra,2023-08-31,18K,Standard,59.096,6246.97,369170.94,0.97,3580.96,365589.98,Cash,Ullam quos rem maiores.
Aarav Anand,4826215382,aaina50@example.com,"689, Gaba Path, Udaipur-390491",Telangana,2023-10-22,22K,Premium,19.542,6192.66,121016.96,0.18,217.83,120799.13,UPI,
Ela Kuruvilla,+915336287970,ssami@example.net,"66, Wason, Noida-613523",Kerala,2024-06-24,24K,Premium,290.926,6716.56,1954021.93,4.11,80310.3,1873711.63,Cash,
Baiju Bhat,03432731431,ramazad@example.com,"H.No. 27, Lad Circle, Bellary 536600",Karnataka,2024-09-24,18K,Standard,998.052,6963.19,6949625.71,3.84,266865.63,6682760.08,UPI,
Lagan Arora,6332788186,samaojas@example.net,"44/44, Bahl Zila, Jaipur-159976",West Bengal,2025-02-13,22K,Premium,527.758,6809.18,3593599.22,1.13,40607.67,3552991.55,Bank Transfer,
Aaryahi Sami,+910678482882,zoya45@example.com,"903, Bhatnagar, Shivpuri-052541",West Bengal,2024-05-30,24K,Premium,154.714,5954.34,921219.76,3.65,33624.52,887595.24,Bank Transfer,
Shalv Kashyap,+910603357706,chhabraranbir@example.com,"591, Kumer, Siwan 752500",Rajasthan,2023-07-03,18K,Premium,973.272,6701.84,6522713.22,1.34,87404.36,6435308.86,Card,
Uthkarsh Kurian,+918888194219,samihajayaraman@example.org,"656, Yohannan Road, Mangalore-934067",Telangana,2024-04-03,24K,Premium,242.325,5967.23,1446009.01,4.47,64636.6,1381372.41,Cash,
Indrans Salvi,00859998873,kimaya81@example.net,"13/796, Mander Chowk, Ajmer-548309",Karnataka,2023-12-03,22K,Premium,347.119,5864.98,2035845.99,4.6,93648.92,1942197.07,UPI,Magni itaque beatae amet.
Bhavin Karan,+918988118871,fmall@example.org,"H.No. 174, D’Alia Street, Ramgarh 581516",Maharashtra,2023-07-06,18K,Premium,85.753,6822.37,585038.69,4.48,26209.73,558828.96,Cash,
Darshit Koshy,+919558339498,lagan29@example.org,"H.No. 08, Gupta Circle, Jehanabad 579666",Gujarat,2024-12-10,22K,Pure,462.311,6964.55,3219788.08,2.03,65361.7,3154426.38,Cash,
Tarini Kulkarni,01677897342,ira91@example.com,"70/85, Mander, Jamnagar 233527",Delhi,2025-01-04,22K,Premium,502.975,5376.87,2704431.19,2.08,56252.17,2648179.02,Cash,Officiis eaque unde.
Riya Wason,06224568524,hrishita34@example.org,"H.No. 725, Raman Circle, Hajipur-876259",Tamil Nadu,2023-06-09,18K,Pure,237.91,5057.84,1203310.71,2.94,35377.33,1167933.38,Bank Transfer,
Pranay Seshadri,00333173875,aradhyasarma@example.net,"160, Sundaram Nagar, Miryalaguda-492833",Andhra Pradesh,2023-06-24,18K,Standard,833.674,5179.25,4317806.06,4.41,190415.25,4127390.81,Cash,
Tushar Chowdhury,08755454542,nirvaan25@example.net,"450, Chander Zila, Allahabad 125576",Rajasthan,2023-12-15,24K,Pure,835.954,5036.3,4210115.13,2.94,123777.38,4086337.75,Card,
Manjari Agarwal,4018550372,raniachaudhari@example.com,"17/05, Suri Marg, Sikar 609668",Andhra Pradesh,2025-01-31,24K,Standard,725.066,5023.38,3642282.04,1.55,56455.37,3585826.67,Bank Transfer,Asperiores debitis tempora in sequi.
Vidur Bala,+918742548719,kalaaniruddh@example.com,"39, Konda Circle, Sangli-Miraj & Kupwad-707191",Maharashtra,2024-02-18,18K,Premium,924.696,5490.16,5076728.99,2.48,125902.88,4950826.11,Card,Deleniti commodi ullam tempore.
Dhanuk Sagar,+911236210456,drishya03@example.net,"42/49, Dube Zila, Bareilly 893239",Gujarat,2024-01-13,22K,Premium,417.562,5949.56,2484310.17,2.07,51425.22,2432884.95,Card,
Renee Bajaj,2346209302,cbhatia@example.com,"32/62, Shetty, Medininagar 584874",Gujarat,2024-03-17,22K,Standard,310.971,5853.03,1820122.59,1.27,23115.56,1797007.03,Cash,
Riaan Deep,+914858955397,nayantara42@example.org,"H.No. 690, Ramaswamy Zila, Nangloi Jat-751744",Tamil Nadu,2024-05-05,24K,Standard,652.051,5163.74,3367021.83,0.88,29629.79,3337392.04,Bank Transfer,
Indrans Bhatnagar,+917637155719,manjari13@example.net,"H.No. 04, Bakshi, Madurai-253029",Maharashtra,2023-07-25,22K,Premium,837.21,6399.7,5357892.84,4.73,253428.33,5104464.51,Card,
Prerak Grewal,09483936934,kandatejas@example.net,"41/03, Bhavsar Zila, Shivpuri-839702",Maharashtra,2025-03-03,24K,Premium,60.216,6114.14,368169.05,4.8,17672.11,350496.94,UPI,
Rohan Thaman,08018559847,obains@example.net,"32, Manne Marg, Tinsukia 713460",Maharashtra,2024-05-18,24K,Pure,137.935,5445.1,751069.87,1.52,11416.26,739653.61,Card,Hic ipsam et corrupti ducimus labore officiis.
Jhanvi Bahl,0397090562,bhaminibose@example.net,"17/153, Bajwa Ganj, Jamshedpur-026341",Telangana,2025-04-14,22K,Pure,831.879,5006.02,4164402.91,1.32,54970.12,4109432.79,Card,
Mehul Ganguly,06214899202,ahana-60@example.org,"98/984, Maharaj Path, Vasai-Virar 777182",Telangana,2024-11-26,24K,Standard,572.945,5019.04,2875633.87,4.59,131991.59,2743642.28,Bank Transfer,
Keya Kaul,+913805276763,raunakzachariah@example.net,"H.No. 10, Chaudhari Chowk, Jodhpur-566209",Kerala,2023-07-29,18K,Premium,647.917,5273.79,3416978.2,1.03,35194.88,3381783.32,Cash,
Gokul Bail,06818615790,indranilratta@example.net,"21/030, Shah Zila, Raiganj 143662",West Bengal,2024-05-19,22K,Standard,770.23,5451.23,4198700.88,4.44,186422.32,4012278.56,UPI,Odio facere odio quisquam.
Raunak Seshadri,+913302691637,kulkarniryan@example.org,"88/07, Shanker Road, Bidhannagar-751653",Karnataka,2024-03-09,22K,Pure,365.731,5766.42,2108958.55,1.57,33110.65,2075847.9,UPI,
Vanya Keer,04634795309,yashvi52@example.org,"45/06, Vyas Circle, Pune-633592",Rajasthan,2025-02-08,22K,Pure,560.35,6504.24,3644650.88,4.06,147972.83,3496678.05,Cash,Aspernatur qui id quas quod beatae.
Uthkarsh Srinivasan,9557179760,nkaran@example.org,"60, Jayaraman Street, Danapur-854051",West Bengal,2024-09-10,24K,Premium,559.8,5113.64,2862615.67,3.71,106203.04,2756412.63,Card,
Nirvaan Vala,05728722440,ybasu@example.org,"H.No. 964, Ghosh Nagar, Morbi-207352",Gujarat,2023-10-28,18K,Standard,882.372,6872.7,6064278.04,4.11,249241.83,5815036.21,Card,
Aniruddh Atwal,03985159118,fatehthakur@example.com,"83, Sunder Street, Erode-347212",Maharashtra,2024-06-02,22K,Premium,272.033,5904.43,1606199.81,0.65,10440.3,1595759.51,UPI,
Anya Kohli,01432192394,arnav49@example.net,"05/179, Mann Street, Unnao-492716",Gujarat,2025-04-04,18K,Pure,792.092,6356.88,5035233.79,1.67,84088.4,4951145.39,Bank Transfer,Hic atque nemo beatae.
Vritika Sura,+915951702332,sairabajaj@example.com,"H.No. 97, Rama, Aizawl-140408",Rajasthan,2024-06-06,22K,Premium,294.055,5345.59,1571897.47,4.39,69006.3,1502891.17,UPI,
Vanya Sidhu,+913591799508,vardaniya36@example.net,"08/81, Sawhney Chowk, Burhanpur-951953",Kerala,2023-07-09,18K,Standard,129.64,5292.74,686150.81,1.89,12968.25,673182.56,Bank Transfer,Aut reiciendis provident amet illum neque dolor.
Renee Hans,00062376138,pariswamy@example.org,"H.No. 91, Wason Street, Kumbakonam 119655",West Bengal,2024-04-04,18K,Standard,148.654,5863.93,871696.65,2.1,18305.63,853391.02,Bank Transfer,
Ojas Date,+916248401339,dishani70@example.com,"55/648, Kar Road, Kolkata 276885",Rajasthan,2024-05-23,22K,Pure,380.363,6482.88,2465847.69,2.47,60906.44,2404941.25,Card,
Krish Zachariah,+918430725390,akuruvilla@example.com,"244, Kuruvilla Circle, Shimla 105488",Maharashtra,2024-06-09,18K,Pure,505.592,6984.73,3531423.61,4.84,170920.9,3360502.71,Cash,
Shayak Soman,6336102704,fdua@example.org,"H.No. 75, Suresh Circle, Munger-117742",Tamil Nadu,2024-07-26,18K,Premium,172.147,5147.62,886147.34,0.46,4076.28,882071.06,UPI,
Sana Varma,03402613402,tailornavya@example.org,"35/28, Soman Ganj, Bhilai 026771",Kerala,2023-11-22,24K,Premium,80.557,5776.61,465346.37,4.05,18846.53,446499.84,UPI,
Nitya Mann,+911682938603,wkadakia@example.org,"69, Balan Road, Begusarai-190610",Rajasthan,2025-01-26,18K,Pure,575.444,6846.68,3939880.93,0.17,6697.8,3933183.13,Cash,
Samarth Johal,6623947965,hmajumdar@example.com,"741, Chacko Chowk, Orai 092779",Tamil Nadu,2024-06-13,22K,Pure,753.485,5036.39,3794844.32,0.4,15179.38,3779664.94,Bank Transfer,Amet eos reiciendis distinctio enim fuga.
Fateh Date,03733011811,tiwariabram@example.com,"48, Ravi Circle, Varanasi-628287",Telangana,2023-06-10,24K,Pure,210.953,5509.11,1162163.28,3.98,46254.1,1115909.18,Card,
Elakshi Dave,9249168359,twable@example.org,"67/56, Kalita Nagar, Danapur 615405",West Bengal,2023-08-03,18K,Pure,735.769,5040.17,3708400.84,0.53,19654.52,3688746.32,Card,
Dhruv Sinha,+910053855103,armaan19@example.org,"439, Chowdhury Zila, Surat 656845",Andhra Pradesh,2023-09-20,24K,Premium,868.839,5209.66,4526355.78,3.19,144390.75,4381965.03,UPI,
Ritvik Kumar,5827321934,ishaanbahri@example.org,"31/296, Aggarwal Ganj, Bilaspur 087894",Karnataka,2024-07-21,22K,Standard,58.105,5016.36,291475.6,4.62,13466.17,278009.43,Cash,
Renee Bains,09436112887,evagolla@example.net,"50/932, Soman Ganj, Saharanpur 460463",Tamil Nadu,2023-06-02,22K,Pure,563.261,5018.97,2826990.06,2.28,64455.37,2762534.69,Cash,
Mahika Kapadia,+918175125691,bhaktaurvi@example.org,"48/03, Kumer Street, Khora -104851",Maharashtra,2023-06-28,22K,Standard,246.967,6262.54,1546640.72,0.1,1546.64,1545094.08,Cash,Necessitatibus eos nesciunt adipisci repellat officia.
Vanya Yogi,02223808845,yuvaan14@example.com,"H.No. 194, Saxena Ganj, Barasat-949785",Tamil Nadu,2023-11-25,22K,Premium,941.266,5686.97,5352951.5,4.56,244094.59,5108856.91,Card,
Kimaya Bhardwaj,00396824643,hunar80@example.net,"01/27, Bhatti Street, Berhampore-831677",Maharashtra,2023-07-29,24K,Premium,9.759,5860.48,57192.42,1.28,732.06,56460.36,Card,Voluptates dolore vitae.
Aayush Sule,06496093290,mmani@example.net,"65/223, Gupta Zila, Kharagpur 549169",Kerala,2025-04-21,24K,Pure,866.993,5056.57,4384010.79,0.24,10521.63,4373489.16,Card,Fugit illum dolor suscipit optio.
Seher Kakar,03458436103,shasaanvi@example.com,"H.No. 991, Gade Path, Ujjain 091328",West Bengal,2023-07-29,24K,Premium,227.15,5164.51,1173118.45,1.25,14663.98,1158454.47,UPI,
Alisha Gole,08456993711,chiragjhaveri@example.com,"34, Barad Nagar, Bareilly-891318",Maharashtra,2024-11-21,22K,Standard,757.272,5398.24,4087936.0,2.77,113235.83,3974700.17,Bank Transfer,
Ela Dass,05370599813,jdora@example.org,"62/395, Sane Path, Suryapet-050895",Delhi,2024-05-28,18K,Premium,398.262,5472.67,2179556.5,4.64,101131.42,2078425.08,Bank Transfer,
Sara Ganesh,3802725986,sahilrama@example.org,"53/676, Acharya Zila, Bhilwara-219162",Maharashtra,2024-11-02,18K,Standard,520.37,5693.76,2962861.89,0.32,9481.16,2953380.73,UPI,
Kashvi Sehgal,06494901348,kiaan94@example.net,"60, Konda Zila, Imphal 487626",Tamil Nadu,2024-12-25,24K,Standard,432.668,5707.47,2469439.63,1.67,41239.64,2428199.99,Card,
Raunak Dyal,6945187286,jhaverikimaya@example.org,"878, Vaidya Circle, Raichur-886987",Rajasthan,2024-02-15,24K,Premium,636.757,6384.01,4065063.06,4.54,184553.86,3880509.2,Cash,
Zara Viswanathan,+917404909891,rbobal@example.org,"961, Karnik Marg, Darbhanga 263312",Maharashtra,2025-02-17,22K,Premium,858.738,5154.02,4425952.83,0.18,7966.72,4417986.11,Card,
Miraya Raj,6942151913,dthakur@example.net,"33/345, Chowdhury, Sri Ganganagar-577932",Andhra Pradesh,2023-11-28,22K,Pure,589.659,5432.42,3203275.34,2.07,66307.8,3136967.54,Cash,
Dhanush Thaman,08821899694,anya91@example.org,"H.No. 279, Rastogi Road, Narasaraopet 455922",Andhra Pradesh,2023-09-24,18K,Standard,36.189,5368.24,194271.24,3.6,6993.76,187277.48,Bank Transfer,
Hrishita Jain,1712469529,nanand@example.net,"850, Wadhwa Marg, Nellore 969333",Karnataka,2024-12-20,18K,Pure,581.226,6095.65,3542950.27,2.85,100974.08,3441976.19,Bank Transfer,
Piya Kari,2670831778,gshroff@example.org,"H.No. 746, Brar Path, Nagpur-671596",Karnataka,2024-06-04,24K,Premium,716.659,5689.57,4077481.55,1.37,55861.5,4021620.05,Cash,
Vaibhav Garde,+917699742439,suhana25@example.org,"40/661, Yogi, Firozabad-427124",Maharashtra,2024-12-09,22K,Pure,708.912,6822.19,4836332.36,0.32,15476.26,4820856.1,Card,
Samiha Kala,2122537836,hridaan13@example.org,"006, Arya Marg, Nanded 270402",Rajasthan,2023-11-08,22K,Premium,761.658,5545.76,4223972.47,2.4,101375.34,4122597.13,Cash,Molestias laudantium vero provident officiis quibusdam quis.
Divit Dhillon,09656131536,aniruddh84@example.com,"216, Korpal Ganj, Tinsukia 091581",West Bengal,2025-03-24,24K,Standard,961.025,5574.01,5356762.96,4.66,249625.15,5107137.81,Cash,
Saanvi Shenoy,+912716585251,karakashvi@example.org,"70/56, Deol, Barasat 451267",Kerala,2024-08-26,22K,Pure,524.671,6747.71,3540327.75,2.17,76825.11,3463502.64,UPI,
Dhanush Samra,+916956944275,tanyagoel@example.com,"H.No. 431, Sha Circle, Ranchi-966786",Andhra Pradesh,2024-06-15,22K,Premium,106.804,5443.82,581421.75,0.95,5523.51,575898.24,Card,
Bhamini Konda,7093730395,buchmyra@example.com,"24/922, Reddy Marg, Yamunanagar-482160",West Bengal,2024-05-09,18K,Premium,361.288,6818.86,2463572.29,2.15,52966.8,2410605.49,Card,
Veer Zacharia,09988170948,oorjakarpe@example.net,"23/551, Kapadia Path, Hubli–Dharwad 164603",Delhi,2023-07-15,24K,Standard,960.566,5294.2,5085428.52,0.84,42717.6,5042710.92,Bank Transfer,
Hazel Chaudhary,05742872326,kalaonkar@example.org,"60/94, Wason Marg, Katihar 006633",Delhi,2024-03-03,18K,Premium,313.676,6715.08,2106359.43,0.32,6740.35,2099619.08,Cash,
Sana Boase,03589038996,lsampath@example.net,"01, Varughese, Jaunpur-847823",Delhi,2023-07-08,18K,Premium,138.507,5770.01,799186.78,4.37,34924.46,764262.32,UPI,
Madhup Subramanian,07548259293,jayeshkala@example.org,"H.No. 05, Bhatnagar Ganj, Bellary 426289",Delhi,2024-03-05,24K,Pure,439.924,5974.07,2628136.77,1.93,50723.04,2577413.73,Cash,
Mamooty Shan,06651723852,chanasamarth@example.net,"15, Saha Nagar, Muzaffarnagar-964844",Rajasthan,2024-07-12,18K,Premium,863.519,6079.25,5249547.88,2.35,123364.38,5126183.5,Cash,
Amira Bhat,5057152408,drishya70@example.org,"18, Issac Street, Gandhidham 927740",Maharashtra,2024-07-13,22K,Premium,578.541,5427.96,3140297.41,3.89,122157.57,3018139.84,Bank Transfer,
Chirag Lanka,+917127953663,vedika12@example.org,"H.No. 537, Sethi Path, Ambattur-115241",West Bengal,2023-05-31,18K,Premium,212.524,5493.72,1167547.35,0.04,467.02,1167080.33,UPI,Aperiam non illo qui architecto.
Anya Sahni,+911797398592,tarini47@example.net,"96/995, Kota Street, Bangalore 813415",Delhi,2024-08-14,24K,Pure,76.525,6058.79,463648.9,3.36,15578.6,448070.3,Cash,
Madhav Saini,+918662281152,keyakhosla@example.org,"H.No. 35, Dubey, Nagaon-371025",Maharashtra,2024-06-08,18K,Pure,687.061,5721.18,3930799.65,0.03,1179.24,3929620.41,Cash,
Renee Datta,01990242229,jkara@example.org,"56/70, Deol, Ichalkaranji-481054",Gujarat,2024-09-24,24K,Pure,857.613,5146.75,4413919.71,1.87,82540.3,4331379.41,Cash,
Zain Bora,6071319366,anneaarna@example.org,"00/694, Malhotra Nagar, Nagaon-023453",Gujarat,2023-07-24,18K,Pure,485.636,5416.88,2630631.94,0.62,16309.92,2614322.02,Bank Transfer,Numquam beatae mollitia pariatur id.
Miraan Bhatia,02998028483,saniayesha@example.net,"58/06, Swaminathan Nagar, Mehsana-466273",Delhi,2024-07-22,24K,Standard,726.126,5748.21,4173924.73,4.82,201183.17,3972741.56,Card,
Nishith Dhingra,9153778909,zoyagandhi@example.org,"263, Suri Circle, Siliguri 367292",Karnataka,2024-04-08,18K,Standard,101.418,5736.2,581753.93,4.74,27575.14,554178.79,UPI,
Umang Kohli,05539273289,prerak78@example.com,"41, Rau Street, Nagpur 957967",Andhra Pradesh,2024-12-14,18K,Pure,288.726,6167.82,1780810.0,2.02,35972.36,1744837.64,Card,
Uthkarsh Taneja,3231204676,dadaromil@example.net,"11/97, Dhingra Road, Sirsa-179931",Tamil Nadu,2024-05-14,18K,Premium,596.651,6317.45,3769312.86,4.26,160572.73,3608740.13,Cash,Beatae rem nisi doloribus et quos porro.
Aarav Mammen,+915278683707,piyachacko@example.org,"36/28, Dass Street, Dewas 866217",Tamil Nadu,2024-03-14,22K,Premium,401.064,5872.16,2355111.98,4.84,113987.42,2241124.56,Cash,Et expedita unde necessitatibus tempora nam modi nisi.
Anika Tak,0376956854,vardaniyasamra@example.com,"65/45, Dass Circle, Bhopal 600466",Kerala,2023-06-15,18K,Standard,562.885,6547.93,3685731.58,2.66,98040.46,3587691.12,Cash,
Mohanlal Malhotra,8305731128,tripathiprisha@example.com,"05/86, Rajan, Kolkata 663221",Gujarat,2024-02-01,24K,Standard,867.639,6664.63,5782492.91,0.84,48572.94,5733919.97,Bank Transfer,
Riaan Taneja,+917706392713,baralishita@example.com,"H.No. 816, Sunder Road, Akola-873578",Andhra Pradesh,2025-05-16,24K,Premium,652.148,5268.48,3435828.7,3.49,119910.42,3315918.28,Cash,
Siya Sem,1429705638,abramkapur@example.net,"43/84, Kade Zila, Bongaigaon-746633",Gujarat,2024-05-26,24K,Pure,882.388,6376.34,5626405.9,1.02,57389.34,5569016.56,Cash,
Ishita Brar,+913242649496,tsen@example.org,"H.No. 108, Sathe, Moradabad-905327",Karnataka,2024-05-01,18K,Standard,522.882,5968.23,3120680.04,3.15,98301.42,3022378.62,UPI,
Oorja Goda,08405892202,dmandal@example.com,"057, Bandi Path, Sirsa 724481",Kerala,2024-11-17,18K,Standard,250.775,6949.55,1742773.4,0.04,697.11,1742076.29,UPI,Voluptate sit culpa perspiciatis cum.
Zaina Rege,08644939709,gdubey@example.net,"29/727, Jayaraman Street, Nizamabad 667074",Delhi,2024-07-17,24K,Premium,2.39,6559.02,15676.06,3.67,575.31,15100.75,UPI,
Nishith Sami,4301542103,qrajan@example.com,"24/144, Tata Circle, Delhi 939413",Kerala,2024-11-28,24K,Premium,73.306,6294.82,461448.07,1.92,8859.8,452588.27,Bank Transfer,Dolorum necessitatibus neque quas veniam quas qui eveniet.
Kavya Sahni,05652308471,tbhavsar@example.net,"599, Bhandari Circle, Ulhasnagar-592568",Gujarat,2023-11-18,24K,Premium,970.039,6889.29,6682879.98,2.96,197813.25,6485066.73,Card,Officiis hic tempore impedit rem.
Emir Shankar,3915336629,bandinirvaan@example.org,"85/225, Dutt Street, Hapur-722383",Karnataka,2024-06-09,24K,Standard,50.362,6905.86,347792.92,3.02,10503.35,337289.57,Card,
Divij Mangat,6705002312,bhavin43@example.net,"545, Gopal Nagar, Kochi-578668",Delhi,2025-01-17,18K,Pure,450.328,6152.22,2770516.93,3.64,100846.82,2669670.11,Cash,Incidunt dolorem rem repudiandae ratione at.
Saira Sanghvi,4200488797,fratta@example.org,"H.No. 60, Dada Nagar, Jamnagar-208152",Gujarat,2024-03-16,22K,Pure,439.636,5195.06,2283935.4,4.28,97752.44,2186182.96,UPI,
Sana Rattan,07517806525,miraanraman@example.net,"22/79, Sood Ganj, Jalgaon-564736",Tamil Nadu,2024-05-22,22K,Pure,460.111,5863.11,2697681.41,1.6,43162.9,2654518.51,Bank Transfer,
Yuvraj  Jhaveri,08316195445,ishaantaneja@example.org,"57, Rau Road, Bardhaman 779673",Telangana,2024-07-30,18K,Premium,612.536,5590.52,3424394.76,1.15,39380.54,3385014.22,Bank Transfer,Itaque quasi excepturi laborum voluptas rem.
Pranay Chad,01643140484,idayal@example.com,"H.No. 467, Buch Ganj, Madhyamgram-786977",Tamil Nadu,2024-03-28,24K,Pure,104.447,5918.77,618197.77,0.77,4760.12,613437.65,Cash,Neque rem dignissimos.
Mohanlal Uppal,+915094232365,tusharrajagopal@example.org,"837, Buch Nagar, Bhopal 899087",Andhra Pradesh,2024-04-23,22K,Pure,546.531,5262.04,2875867.98,4.34,124812.67,2751055.31,Card,
Nitya Bawa,9732881679,basakpranay@example.com,"H.No. 931, Trivedi Ganj, Warangal-637831",Rajasthan,2024-04-19,22K,Standard,452.712,5518.85,2498449.62,0.8,19987.6,2478462.02,UPI,
Kartik Sami,0803998036,aaina39@example.org,"H.No. 359, Sarraf Nagar, Imphal 542941",Kerala,2023-12-31,24K,Standard,64.071,6412.57,410859.77,4.6,18899.55,391960.22,UPI,
Mehul Wable,+914920990653,madhup92@example.com,"H.No. 46, Sankaran Street, Amroha 063287",Maharashtra,2023-06-29,18K,Premium,25.264,6216.07,157042.79,2.16,3392.12,153650.67,Cash,Ex maiores quo architecto.
Dhanush Khurana,8990936824,nirvaanlall@example.net,"84/99, Dhaliwal Zila, Junagadh-571760",Delhi,2024-08-19,24K,Pure,301.365,5730.77,1727053.5,0.1,1727.05,1725326.45,Bank Transfer,Adipisci dolores adipisci quae distinctio labore.
Aayush Basak,00168063361,shalv98@example.com,"05/767, Shroff Circle, Parbhani-339071",Rajasthan,2024-01-17,22K,Pure,540.418,5418.54,2928276.55,1.28,37481.94,2890794.61,Cash,
Dhruv Chaudhary,+910540043047,ubarad@example.org,"50/823, Jain Path, Kakinada 815495",Telangana,2025-03-07,24K,Premium,748.444,6219.8,4655171.99,2.42,112655.16,4542516.83,UPI,Fugit quas enim iste.
Hridaan Ganesh,06701203847,faiyaz01@example.com,"H.No. 08, Hari Street, Bhind-486069",Kerala,2024-10-27,18K,Standard,219.282,6994.2,1533702.16,2.4,36808.85,1496893.31,Bank Transfer,
Ishaan Madan,+916086163743,dharsaanvi@example.net,"H.No. 02, Date, Guna-781382",Tamil Nadu,2023-11-22,18K,Premium,606.199,6657.64,4035854.71,3.23,130358.11,3905496.6,Card,
Himmat Kara,4489317861,samarkhare@example.org,"52, Srinivasan Street, Jalgaon 456831",Tamil Nadu,2024-02-29,24K,Premium,869.606,6737.88,5859300.88,3.71,217380.06,5641920.82,UPI,
Ishaan Basu,08573106431,davemadhav@example.com,"96, Dasgupta Path, Berhampore 355667",West Bengal,2023-08-23,24K,Pure,797.829,5473.77,4367132.45,1.3,56772.72,4310359.73,UPI,
Aayush Sinha,6511145304,fmanda@example.net,"836, Raja Zila, Belgaum-382226",Tamil Nadu,2023-06-20,22K,Premium,656.526,5237.97,3438863.49,1.43,49175.75,3389687.74,Cash,Molestias ducimus laboriosam nostrum pariatur fugiat veniam dolores.
Anahita Comar,06647847654,samiha84@example.org,"85/075, Thakkar, Unnao-934564",Karnataka,2025-03-05,24K,Standard,113.593,6304.69,716168.65,0.27,1933.66,714234.99,Cash,Dolorem quibusdam officia dolorem ex amet.
Anahita Subramanian,2633850139,urau@example.com,"71, Ramachandran Marg, Akola-629520",Tamil Nadu,2025-02-09,22K,Standard,646.309,5879.2,3799779.87,3.73,141731.79,3658048.08,UPI,
Mehul Mann,3553871226,mamooty52@example.net,"487, Kaur Nagar, Hosur 235180",West Bengal,2024-01-07,18K,Premium,647.68,6930.34,4488642.61,1.53,68676.23,4419966.38,Cash,
Diya Loyal,02747601714,hariaaina@example.net,"H.No. 82, Kumer Marg, Nashik-266605",West Bengal,2024-06-23,18K,Standard,722.198,5256.92,3796537.11,2.86,108580.96,3687956.15,UPI,
Riaan Tella,8995174592,ehsaanahuja@example.net,"62/999, Mall Nagar, Mirzapur 738000",Tamil Nadu,2025-02-07,24K,Premium,654.55,6267.65,4102490.31,1.92,78767.81,4023722.5,Cash,
Armaan Khare,01633116299,manikyahans@example.net,"09/296, Hegde Road, Pondicherry-499215",Maharashtra,2024-07-31,24K,Premium,255.076,5713.55,1457389.48,1.76,25650.05,1431739.43,Cash,
Raghav Khare,+914537276831,faiyazviswanathan@example.org,"09/123, Bhattacharyya Circle, Rajpur Sonarpur 623202",West Bengal,2024-09-23,22K,Pure,515.965,5722.27,2952491.04,4.49,132566.85,2819924.19,Bank Transfer,
Anahi Ganesan,9118664362,gkhatri@example.com,"10/391, Gokhale Road, Ballia 092114",Tamil Nadu,2024-11-25,22K,Pure,300.474,5226.94,1570559.57,0.14,2198.78,1568360.79,Card,
Eva Chaudry,5645299091,tkrishnamurthy@example.org,"086, Ramachandran Ganj, Suryapet-879680",Telangana,2023-08-25,22K,Pure,24.161,6103.34,147462.8,0.84,1238.69,146224.11,Bank Transfer,Totam voluptas accusamus.
Jayan Shanker,7700987986,lallanika@example.org,"H.No. 359, Lad Marg, Latur 568000",Tamil Nadu,2023-08-26,22K,Standard,730.226,6725.46,4911105.75,4.08,200373.11,4710732.64,UPI,
Taran Varty,+916696409901,floke@example.net,"512, Srivastava Road, Rourkela-162207",West Bengal,2024-11-09,18K,Standard,947.531,5132.73,4863420.79,0.72,35016.63,4828404.16,Card,
Samar Sandal,9435511182,anaykar@example.net,"304, Borra Nagar, Imphal-931377",Kerala,2024-08-20,24K,Premium,413.321,5506.41,2275914.89,0.08,1820.73,2274094.16,Card,Tenetur tempore consequatur aspernatur voluptas.
Samaira Seth,+919324044743,aainabawa@example.net,"44, Bhandari Ganj, Sirsa-992932",Kerala,2023-11-23,24K,Premium,593.798,6837.56,4060129.45,1.93,78360.5,3981768.95,UPI,
Ahana  Issac,0737758951,dbobal@example.org,"066, Mander Zila, Pallavaram-443646",Gujarat,2023-10-11,22K,Pure,730.431,6191.02,4522112.93,4.73,213895.94,4308216.99,Card,
Saira Batra,2329832515,prishabalasubramanian@example.com,"99/97, Dyal Chowk, Aizawl-918568",Maharashtra,2025-01-03,24K,Standard,312.399,6367.95,1989341.21,1.18,23474.23,1965866.98,Cash,
Khushi Madan,4084005862,tarini04@example.com,"03/008, Vora Marg, Surendranagar Dudhrej-240350",Telangana,2025-01-26,24K,Standard,132.215,6703.15,886256.98,1.49,13205.23,873051.75,Card,
Vardaniya Malhotra,+917582196066,khareamani@example.net,"87/39, Baral Road, Raichur-071662",Gujarat,2025-05-14,22K,Pure,825.503,5173.42,4270673.73,4.13,176378.83,4094294.9,Cash,
Sana Tara,+910377346388,pshan@example.com,"18, Iyer Road, Raiganj 435346",Karnataka,2024-03-10,24K,Pure,712.591,5794.37,4129015.91,1.03,42528.86,4086487.05,Bank Transfer,Eveniet ratione alias ea quasi laudantium.
Zain Mannan,0706466410,kismatcomar@example.org,"274, Chakrabarti Street, Rewa-141706",Telangana,2024-08-09,24K,Premium,493.312,6615.57,3263540.07,2.37,77345.9,3186194.17,Card,Repellendus et ad laboriosam deserunt.
Hiran Banerjee,+912828910829,chiragwadhwa@example.net,"477, Gupta, Howrah 074438",Kerala,2024-09-28,18K,Pure,892.016,6880.91,6137881.81,1.68,103116.41,6034765.4,UPI,Laborum corporis quaerat aliquam magni praesentium quos voluptatibus.
Shanaya Wali,+918971400939,bhaminivirk@example.org,"H.No. 35, Barad Ganj, Thane 483459",Kerala,2025-03-07,22K,Premium,816.315,6556.85,5352455.01,4.72,252635.88,5099819.13,Bank Transfer,In laudantium ipsum amet expedita fugit voluptatem delectus.
Sana Sengupta,6538950817,tgade@example.org,"66/15, Dugar Road, Guntur-232942",Karnataka,2023-12-01,22K,Premium,593.81,6310.6,3747297.39,0.3,11241.89,3736055.5,UPI,
Ira Dua,6731187939,yuvraj-handa@example.org,"H.No. 878, Mahal Zila, Kota 078884",Delhi,2025-05-26,18K,Premium,311.129,6186.44,1924780.89,2.79,53701.39,1871079.5,Card,
Nitara Jayaraman,+917912509342,uthkarshbora@example.com,"49/21, Kakar Ganj, Bikaner 627559",Maharashtra,2024-06-11,22K,Premium,617.556,6544.67,4041700.23,1.51,61029.67,3980670.56,UPI,Error facere beatae eius sequi omnis dolores.
Suhana Dalal,+919384518180,taratiwari@example.org,"24, Srivastava Zila, Kakinada 078482",Maharashtra,2024-08-18,24K,Pure,554.225,6168.62,3418803.42,3.85,131623.93,3287179.49,Card,
Samar Mangal,3131283635,gardelakshay@example.org,"056, Deep Marg, Purnia 517847",Kerala,2023-08-10,22K,Standard,93.935,6271.85,589146.23,3.01,17733.3,571412.93,Card,
Ivan Sahota,5059482414,anahita87@example.com,"93/08, Bera Street, Coimbatore 844275",Karnataka,2024-07-30,24K,Standard,895.157,6221.73,5569425.16,4.4,245054.71,5324370.45,Cash,
Abram Bhatt,6281483085,rkar@example.com,"32/39, Kari Ganj, Ongole 385013",Telangana,2024-11-27,18K,Pure,283.845,5639.37,1600706.98,1.87,29933.22,1570773.76,UPI,
Mishti Kibe,+914178231946,ramanathanyuvraj@example.com,"180, Bath Street, Ratlam 331467",Rajasthan,2024-03-31,18K,Pure,511.777,6577.95,3366443.52,3.16,106379.62,3260063.9,Bank Transfer,
Zain Mani,03096369249,kotharishray@example.net,"H.No. 69, Badal, Panipat-821406",Rajasthan,2024-05-25,22K,Standard,301.474,5238.71,1579334.86,3.87,61120.26,1518214.6,Card,
Diya Dalal,7144620722,abram67@example.net,"91, Deshmukh Marg, Burhanpur-937816",Telangana,2023-10-12,24K,Premium,14.684,5343.19,78459.4,2.71,2126.25,76333.15,UPI,Laborum reiciendis modi mollitia.
Advik Raman,02448219146,sumer38@example.com,"991, Chakraborty Ganj, Durgapur-535373",Kerala,2025-01-16,18K,Pure,368.145,5394.2,1985847.76,4.29,85192.87,1900654.89,Card,
Krish Bahri,+919008785089,jayankadakia@example.org,"H.No. 085, Sarma Zila, Patna 711791",Rajasthan,2024-12-01,22K,Pure,76.134,5388.41,410241.21,0.69,2830.66,407410.55,Card,Tenetur sint eos exercitationem.
Zeeshan Ranganathan,8685768575,stuvan48@example.net,"600, Vyas Zila, Kurnool-479617",Andhra Pradesh,2023-11-15,18K,Pure,725.314,6009.99,4359129.89,4.47,194853.11,4164276.78,Card,
Reyansh Deshmukh,8482656680,yasmin40@example.org,"H.No. 56, Tiwari Chowk, Shimoga 213082",Rajasthan,2024-01-09,18K,Premium,600.936,6116.97,3675907.48,4.66,171297.29,3504610.19,Cash,
Vihaan Dayal,9346464739,rattihunar@example.net,"81/02, Barman Road, Vellore 284124",Delhi,2024-04-15,24K,Standard,124.639,5873.15,732023.54,2.88,21082.28,710941.26,Bank Transfer,
Anya Shukla,+919884634948,nitaralalla@example.org,"160, Kumar Zila, Ozhukarai 685957",Rajasthan,2024-05-01,24K,Standard,265.014,6748.52,1788452.28,2.98,53295.88,1735156.4,Bank Transfer,Enim possimus soluta provident tempora perspiciatis nostrum.
Jayan Behl,01813106642,ljayaraman@example.org,"H.No. 893, Bassi Chowk, Pali-671202",Andhra Pradesh,2024-09-11,24K,Standard,24.697,6338.3,156537.0,1.68,2629.82,153907.18,Card,Vitae molestias cumque ipsum quod accusantium consequatur.
Neelofar Cherian,+910409277782,navyamangat@example.com,"H.No. 004, Wali Circle, Hazaribagh 600773",Andhra Pradesh,2024-04-19,24K,Pure,914.778,5262.14,4813689.9,2.14,103012.96,4710676.94,Bank Transfer,
Sahil Sethi,+919281719956,mannatkrish@example.org,"29, Choudhry Nagar, Chandigarh 547203",Karnataka,2024-04-16,24K,Premium,150.873,6018.63,908048.76,0.14,1271.27,906777.49,Cash,
Shray Taneja,9349188616,anvi58@example.org,"H.No. 884, Contractor Street, Singrauli-909244",Rajasthan,2023-09-30,22K,Premium,702.014,5395.04,3787393.61,4.29,162479.19,3624914.42,Bank Transfer,
Ishita Raman,6723656187,anahi39@example.net,"495, Madan Path, Thrissur 630110",Karnataka,2025-04-17,18K,Pure,790.066,5663.68,4474681.0,4.95,221496.71,4253184.29,Cash,
Pranay Khatri,01795528731,hsandhu@example.net,"H.No. 924, Rajagopalan Zila, Bhusawal-814867",Telangana,2024-10-16,22K,Pure,166.964,6809.19,1136889.6,1.31,14893.25,1121996.35,Card,
Sana Tailor,4341123234,ratikata@example.com,"H.No. 316, Sant Street, Naihati 768298",Karnataka,2023-11-09,18K,Pure,246.884,6673.57,1647597.66,3.18,52393.61,1595204.05,Cash,Ipsa pariatur sapiente ducimus ipsa voluptatem nemo.
Parinaaz Randhawa,06451337375,indranilchakraborty@example.com,"32/433, Soman Circle, Karnal 454645",Andhra Pradesh,2024-01-29,18K,Standard,350.174,5818.9,2037627.49,3.87,78856.18,1958771.31,Card,Mollitia et quae velit veritatis vero.
Darshit Kaur,0784761383,sairasaraf@example.org,"744, Saran Nagar, Nanded 986239",Karnataka,2023-10-09,22K,Premium,253.375,5511.59,1396499.12,4.05,56558.21,1339940.91,Bank Transfer,Qui quis repellat.
Riya Maharaj,8261971534,cborah@example.net,"59/508, Walia Ganj, Bardhaman-940016",Delhi,2024-11-05,18K,Pure,696.068,5937.64,4133001.2,1.31,54142.32,4078858.88,UPI,
Khushi Saha,07712390134,adiratiwari@example.org,"H.No. 901, Ranganathan Circle, Sasaram 269725",Karnataka,2024-10-24,18K,Standard,716.0,6321.31,4526057.96,3.89,176063.65,4349994.31,Cash,
Nitya Kannan,9610245378,eva95@example.net,"00/225, Deshpande Zila, Nadiad 473273",Gujarat,2024-11-29,22K,Premium,638.756,6722.33,4293928.62,2.46,105630.64,4188297.98,Cash,Dolores nihil quia similique.
Faiyaz Dani,02727496845,koshysiya@example.com,"H.No. 73, Saran Zila, Dindigul-902165",Delhi,2024-11-14,22K,Premium,559.004,5605.61,3133558.41,0.87,27261.96,3106296.45,Card,Culpa impedit fuga sit et eligendi soluta in.
Kismat Khatri,7426217529,rheasha@example.net,"H.No. 50, Brar, Bongaigaon-819840",Rajasthan,2025-03-19,18K,Standard,640.913,5488.64,3517740.73,1.72,60505.14,3457235.59,UPI,Possimus nostrum corrupti error nam fugit.
Shayak Batta,+919141720179,aayushbawa@example.net,"65/64, Seth Marg, Cuttack-228742",Delhi,2025-05-10,22K,Standard,325.99,6009.31,1958974.97,2.45,47994.89,1910980.08,Card,
Darshit Chakrabarti,+917408148410,vaibhav21@example.net,"54/94, Uppal Zila, Vijayawada 958938",Tamil Nadu,2024-09-04,18K,Standard,786.765,5420.17,4264400.05,1.83,78038.52,4186361.53,UPI,Dolorem minima placeat modi temporibus reiciendis deserunt similique.
Lakshit Hayer,09223308010,aliaaggarwal@example.org,"558, Sachdeva Path, Aizawl 699454",West Bengal,2023-12-08,18K,Premium,350.7,6095.56,2137712.89,1.14,24369.93,2113342.96,UPI,
Divij Khatri,06787834050,amirasibal@example.net,"H.No. 292, Dewan Street, Moradabad-776420",Tamil Nadu,2024-03-25,24K,Premium,221.937,5127.52,1137986.41,2.65,30156.64,1107829.77,UPI,
Azad Bera,8880461866,diyahora@example.net,"H.No. 375, Venkataraman Zila, Erode-787568",Tamil Nadu,2024-11-11,22K,Premium,366.556,5880.7,2155605.87,0.66,14227.0,2141378.87,Bank Transfer,
Chirag Aggarwal,+911524354509,sachdevaamira@example.org,"134, Subramaniam Street, Sambalpur 667799",Maharashtra,2025-02-19,22K,Standard,158.754,6879.19,1092098.93,0.19,2074.99,1090023.94,Bank Transfer,
Hazel Sami,03742894747,saksham07@example.org,"H.No. 41, Mandal Street, Suryapet 672111",Maharashtra,2024-02-22,18K,Standard,733.917,6969.62,5115122.6,1.12,57289.37,5057833.23,Bank Transfer,Saepe voluptatem amet saepe.
Kartik Kara,3757745082,chanddharmajan@example.org,"32/43, Ganesh Ganj, Dhanbad 600089",Telangana,2025-03-06,22K,Standard,51.04,6328.39,323001.03,1.44,4651.21,318349.82,Cash,
Yakshit Mangat,+914140487677,mahikadube@example.net,"H.No. 02, Majumdar Street, Berhampur-324273",Karnataka,2023-08-09,22K,Standard,443.237,5408.61,2397296.07,1.48,35479.98,2361816.09,Bank Transfer,
Divij Bhagat,+915006863189,zarakapadia@example.com,"31/659, Som Nagar, Rewa 231233",Gujarat,2025-02-01,18K,Standard,465.024,5983.81,2782615.26,1.65,45913.15,2736702.11,Card,
Kimaya Dada,+919815822683,bainszain@example.com,"833, Wali Zila, Ambattur 332418",West Bengal,2025-04-14,24K,Premium,823.327,6553.41,5395599.4,3.08,166184.46,5229414.94,Bank Transfer,
Baiju Shenoy,+910116211522,zainatak@example.org,"15/66, Jaggi Path, Gulbarga-017093",Telangana,2024-05-29,18K,Pure,10.152,5791.25,58792.77,0.05,29.4,58763.37,UPI,Corporis ipsam ratione maxime.
Ishaan Dhar,01041120901,darveer@example.com,"H.No. 561, Dave Zila, Tirupati-046707",Maharashtra,2024-07-15,18K,Premium,652.57,5212.85,3401749.52,2.07,70416.22,3331333.3,UPI,
Nirvi Virk,+910342102871,pdhingra@example.com,"24/243, Venkatesh Path, Gorakhpur-785462",Andhra Pradesh,2024-02-04,22K,Premium,639.836,6926.61,4431894.44,3.19,141377.43,4290517.01,Cash,Labore consectetur voluptates sunt illo aliquid autem.
Ryan Deol,+914282930509,navya61@example.org,"67/111, Sidhu Chowk, Ongole-475835",Delhi,2024-10-19,22K,Pure,101.296,6282.51,636393.13,0.72,4582.03,631811.1,Card,Praesentium reiciendis blanditiis nam vel itaque.
Kartik Devi,+919936875194,ychaudhary@example.net,"41, Brar Path, Deoghar-431403",Rajasthan,2023-07-08,18K,Premium,881.933,6137.86,5413181.28,4.27,231142.84,5182038.44,Bank Transfer,Voluptatibus officia in officiis ipsum.
Gokul Ganesh,06000641086,jayan16@example.com,"53/747, Kurian Circle, Gurgaon-870921",Kerala,2023-06-05,18K,Standard,775.506,5202.21,4034345.07,4.32,174283.71,3860061.36,Card,
Saanvi Bassi,6561473360,eva31@example.com,"43/72, Jhaveri Ganj, Bijapur 882065",Kerala,2024-05-31,22K,Standard,789.525,5843.98,4613968.31,4.29,197939.24,4416029.07,Bank Transfer,
Tushar Talwar,6921817424,baiju05@example.com,"35/04, Setty Zila, Pimpri-Chinchwad 311204",West Bengal,2024-10-12,22K,Standard,887.698,6613.9,5871145.8,0.74,43446.48,5827699.32,Card,
Anahita Doctor,4153268231,vedikatalwar@example.org,"96/233, Banerjee Chowk, Bardhaman-919577",Delhi,2025-03-22,24K,Pure,50.112,5228.29,262000.07,2.61,6838.2,255161.87,UPI,
Prerak Sethi,05510694648,ritvik24@example.net,"H.No. 644, Kapadia, Hosur-659646",Delhi,2024-10-08,24K,Standard,592.701,6615.04,3920740.82,1.38,54106.22,3866634.6,UPI,
Urvi Kale,08750152378,siya52@example.net,"42, Sur Ganj, Satna-963831",Andhra Pradesh,2024-04-30,22K,Premium,157.233,5446.9,856432.43,0.9,7707.89,848724.54,Cash,Excepturi quia adipisci facere perspiciatis recusandae qui.
Khushi Goel,1653324201,kalaindranil@example.net,"79/711, Khurana Chowk, Kota 846877",Tamil Nadu,2023-12-29,24K,Standard,582.271,5090.35,2963963.18,2.92,86547.72,2877415.46,Card,
Trisha Kulkarni,3963164796,kaririaan@example.org,"891, Devi Zila, Alwar-261581",West Bengal,2023-12-06,22K,Premium,177.168,6743.82,1194789.1,1.18,14098.51,1180690.59,Card,
Inaaya  Mallick,8134976722,aarnaloke@example.org,"H.No. 093, Bhatia Path, Buxar-444205",Maharashtra,2023-11-28,24K,Pure,765.245,5592.96,4279984.68,2.57,109995.61,4169989.07,Card,Quia natus odit quam.
Dharmajan Sarma,+918677515781,amanichatterjee@example.net,"96/370, Bhakta Zila, Pimpri-Chinchwad 493772",Karnataka,2023-07-04,22K,Premium,150.152,5288.74,794114.89,1.7,13499.95,780614.94,Cash,
Madhav Maharaj,8993486540,xsaran@example.org,"H.No. 808, Jayaraman Road, Udupi-107626",West Bengal,2024-05-05,24K,Pure,374.715,6693.38,2508109.89,4.01,100575.21,2407534.68,UPI,
Shlok Vora,4364744369,manneneysa@example.org,"83, Sampath Street, Morbi-914393",Tamil Nadu,2024-08-07,24K,Pure,932.709,5167.32,4819605.87,5.0,240980.29,4578625.58,Bank Transfer,
Eva Jain,+918875973337,mannatbhatt@example.net,"H.No. 73, Swaminathan Zila, Muzaffarpur 071628",Tamil Nadu,2023-12-23,22K,Premium,978.659,5131.74,5022223.54,4.31,216457.83,4805765.71,Cash,Fuga soluta aliquam tenetur blanditiis.
Umang Walia,09790799355,zravel@example.net,"35/16, Mani Marg, Ambala-576425",Tamil Nadu,2023-06-25,18K,Standard,476.0,6793.85,3233872.6,4.62,149404.91,3084467.69,Card,
Jhanvi Zacharia,+911097403767,armaanagate@example.net,"H.No. 973, Khare Street, Ambattur-520655",Andhra Pradesh,2024-12-04,18K,Pure,711.966,6785.69,4831180.57,1.77,85511.9,4745668.67,Bank Transfer,Adipisci veritatis nobis sapiente qui aliquid maxime sint.
Romil Chaudry,+916969570914,kchadha@example.net,"H.No. 94, Bhavsar Marg, Mehsana 192610",Tamil Nadu,2024-08-29,18K,Standard,71.028,5491.98,390084.36,2.61,10181.2,379903.16,Card,
Anika Mallick,+916277723546,johalindrans@example.com,"843, Gera Circle, Pudukkottai-639197",Tamil Nadu,2025-03-06,22K,Pure,513.566,5670.59,2912222.22,2.1,61156.67,2851065.55,UPI,
Manikya Shukla,+916032173579,nitara02@example.com,"27/48, Biswas Street, Gulbarga 648252",Tamil Nadu,2024-12-15,24K,Standard,845.331,6722.14,5682433.33,0.8,45459.47,5636973.86,Card,
Badal Dixit,9586720349,siyachatterjee@example.com,"H.No. 44, Chada Marg, Uluberia 663309",Telangana,2023-06-17,22K,Standard,680.009,6408.39,4357762.88,1.84,80182.84,4277580.04,Bank Transfer,Quis vel nemo voluptates aperiam.
Vaibhav Gade,6960808661,vbalasubramanian@example.net,"H.No. 61, Gole Nagar, Kulti 109075",Delhi,2023-11-05,22K,Premium,132.215,5982.45,790969.63,1.89,14949.33,776020.3,Cash,
Biju Sant,+917294555197,vorajivika@example.org,"30/84, Iyer Ganj, Panvel 107212",Delhi,2024-11-16,18K,Premium,128.808,5339.57,687779.33,2.38,16369.15,671410.18,Cash,Quaerat illum porro ab.
Zoya Sarma,8495729061,pissac@example.com,"00/23, Sibal Path, Ludhiana-491305",Gujarat,2024-10-30,24K,Standard,225.049,6614.82,1488658.63,2.93,43617.7,1445040.93,Card,
Onkar Chakrabarti,+918884875810,lakshay92@example.com,"483, Mandal Marg, South Dumdum-825587",Tamil Nadu,2023-07-27,22K,Standard,734.319,6553.63,4812455.03,3.75,180467.06,4631987.97,Cash,Omnis porro labore neque repellat.
Lakshay Karan,05079454853,vlata@example.com,"55, Mall Street, Rajahmundry-537223",Maharashtra,2024-11-28,24K,Pure,105.098,5091.77,535134.84,4.79,25632.96,509501.88,Cash,Consequatur labore quasi.
Miraan Dixit,3272420931,qedwin@example.net,"33/91, Sangha Zila, Udaipur 972831",Tamil Nadu,2025-04-23,24K,Standard,516.816,6266.99,3238880.7,2.31,74818.14,3164062.56,UPI,Veritatis rerum reprehenderit enim.
Stuvan Kant,04804453413,vigaarna@example.net,"704, Shere Nagar, Kulti-885896",Andhra Pradesh,2023-10-06,18K,Pure,885.391,5848.21,5177952.5,0.4,20711.81,5157240.69,UPI,
Urvi Gola,0871983695,adiraraj@example.com,"H.No. 299, Tak Street, Buxar 888587",Delhi,2024-10-07,24K,Premium,125.338,5578.3,699172.97,4.79,33490.39,665682.58,UPI,Officiis iusto libero quibusdam.
Bhavin Shah,+914392645392,shettyshray@example.net,"H.No. 070, Sankar Ganj, Muzaffarpur 648594",Karnataka,2023-08-14,22K,Pure,524.448,5606.53,2940333.45,0.6,17642.0,2922691.45,UPI,
Nishith Ranganathan,1791098262,armaan37@example.net,"87, Bhagat, Warangal-533079",Gujarat,2023-07-31,24K,Premium,625.82,6997.02,4378875.06,0.13,5692.54,4373182.52,UPI,
Jivin Devi,07849921150,cchad@example.org,"27, Chopra Marg, Chandigarh-882159",Delhi,2024-11-21,18K,Pure,106.579,6047.9,644579.13,0.94,6059.04,638520.09,Bank Transfer,
Baiju Roy,+918178350166,xsaraf@example.net,"H.No. 62, Shetty, Phagwara 474445",Tamil Nadu,2023-07-23,22K,Standard,9.034,6839.14,61784.79,4.66,2879.17,58905.62,Card,
Shaan Singh,7469602156,shlok43@example.com,"31/40, Kapur Marg, Jalgaon 325410",Andhra Pradesh,2024-08-14,22K,Standard,856.533,5172.07,4430048.63,4.0,177201.95,4252846.68,Bank Transfer,
Aaryahi Bassi,08755752377,ryangara@example.org,"080, Gera Marg, Kochi-421628",Tamil Nadu,2024-06-28,18K,Standard,217.108,5100.35,1107326.79,0.36,3986.38,1103340.41,Cash,
Misha Deol,8126581506,psunder@example.com,"17/287, Doctor Street, Patiala 583718",Rajasthan,2025-03-20,24K,Standard,431.714,5346.68,2308236.61,2.22,51242.85,2256993.76,Bank Transfer,
Ranbir Ahuja,4044703348,crastogi@example.org,"98/12, Bera, Durg 952172",Telangana,2023-10-28,24K,Pure,427.215,5198.33,2220804.55,0.39,8661.14,2212143.41,Cash,
Kiaan Magar,+913784497249,dhalder@example.org,"H.No. 47, Hans Street, Davanagere 050782",Karnataka,2025-04-20,24K,Pure,591.862,5613.02,3322133.24,0.91,30231.41,3291901.83,Bank Transfer,
Nayantara Tella,6593389004,adah68@example.org,"H.No. 133, Thaman, Aligarh-376885",West Bengal,2023-07-24,18K,Premium,845.988,5925.73,5013096.47,2.55,127833.96,4885262.51,UPI,
Kiara Madan,+912679433245,odalal@example.com,"47, Seth Chowk, Varanasi 980506",Maharashtra,2025-01-26,18K,Standard,693.772,5283.74,3665710.87,3.13,114736.75,3550974.12,Card,
Jivin Karpe,+912670546281,aarush93@example.com,"28/65, Kale Circle, Kadapa-010093",Karnataka,2024-05-22,24K,Standard,653.546,5105.63,3336764.06,3.82,127464.39,3209299.67,Cash,Cum quaerat fuga repellendus.
Adah Kakar,09350593827,mverma@example.com,"09/211, Sheth Nagar, Jamshedpur 164122",Gujarat,2023-08-29,22K,Premium,844.799,5095.47,4304647.96,1.49,64139.25,4240508.71,Card,
Vidur Rastogi,+916485173425,bdhar@example.com,"21/77, Dhillon Circle, Durgapur 927587",Rajasthan,2023-12-03,22K,Premium,839.492,5465.73,4588436.61,0.5,22942.18,4565494.43,Bank Transfer,Eligendi rem dolorum incidunt soluta voluptate.
Hunar Majumdar,8150820094,jivinramesh@example.org,"47, Chad Road, Guntakal-709354",Maharashtra,2024-04-21,22K,Premium,255.106,5856.94,1494140.54,2.57,38399.41,1455741.13,UPI,
Elakshi Saini,05516101593,ewagle@example.com,"H.No. 38, Dani Street, Ujjain-515375",Delhi,2024-08-08,22K,Pure,257.43,6260.42,1611619.92,4.1,66076.42,1545543.5,UPI,
Rhea Dara,+914705751983,rmaster@example.net,"82, Johal Circle, Belgaum-693648",Maharashtra,2025-05-15,24K,Standard,636.933,6134.68,3907380.14,4.99,194978.27,3712401.87,UPI,Repellendus perspiciatis nam quisquam.
Arhaan Gandhi,09966909996,faiyaz86@example.com,"747, Raman Street, Sambalpur 833888",Rajasthan,2024-12-15,22K,Pure,768.624,5259.35,4042462.63,2.59,104699.78,3937762.85,Card,Exercitationem ipsum saepe adipisci fuga iusto unde.
Pari Hayer,09299801404,bandianahi@example.net,"H.No. 53, Choudhury Chowk, Nanded-750697",Delhi,2024-01-17,18K,Premium,957.325,6532.97,6254175.51,1.87,116953.08,6137222.43,Bank Transfer,
Keya Kashyap,+914698869974,tbuch@example.org,"050, Barad Road, Aligarh 833449",Maharashtra,2024-07-26,18K,Pure,797.965,5295.02,4225240.63,2.53,106898.59,4118342.04,UPI,
Kanav Choudhry,02699230797,zeeshanjohal@example.com,"17/84, Bumb Marg, Raurkela Industrial Township-190790",Tamil Nadu,2023-11-25,24K,Premium,351.589,6505.94,2287416.94,2.71,61989.0,2225427.94,Cash,Beatae ad neque quo expedita esse.
Bhamini Virk,9923600208,riaan39@example.org,"037, Dewan Ganj, Guna 447856",Rajasthan,2024-12-08,24K,Standard,744.239,5530.78,4116222.18,1.9,78208.22,4038013.96,UPI,Id voluptatem enim optio.
Piya Sura,+913390057254,shaanraman@example.net,"188, Sanghvi Ganj, Patiala 552398",Gujarat,2024-09-29,24K,Standard,583.047,6995.28,4078577.02,0.62,25287.18,4053289.84,UPI,Explicabo labore laboriosam ex sapiente.
Adah Deo,07911533017,waliaarush@example.net,"H.No. 944, Bhagat Circle, Shahjahanpur-644434",Telangana,2025-01-11,24K,Premium,46.027,5150.05,237041.35,1.54,3650.44,233390.91,Bank Transfer,Dignissimos pariatur eum qui odit distinctio dignissimos.
Neysa Date,08337760917,kibenirvi@example.org,"056, Bhatti Nagar, Raichur 822263",Maharashtra,2023-09-04,22K,Standard,674.175,5227.81,3524458.81,1.91,67317.16,3457141.65,Cash,
Anika Raja,+918832716065,lalhunar@example.net,"H.No. 084, Kade Circle, Jamalpur-210877",Gujarat,2025-04-02,24K,Standard,628.301,5796.23,3641777.11,4.29,156232.24,3485544.87,UPI,Cum ut voluptate deserunt in itaque.
Dishani Sura,1779494548,anika47@example.com,"22/84, Mangal Street, Dibrugarh 400659",Karnataka,2024-11-27,24K,Premium,829.055,5615.55,4655599.81,0.76,35382.56,4620217.25,Bank Transfer,Officia tempora perspiciatis commodi provident ullam.
Krish Kanda,0403328829,kkapur@example.com,"10/87, Dube, Tinsukia-177827",Andhra Pradesh,2023-06-12,22K,Pure,143.623,6099.93,876090.25,2.84,24880.96,851209.29,Card,Laborum aspernatur exercitationem debitis.
Lakshay Babu,5607771273,thakershanaya@example.org,"86, Krishnamurthy Street, Bikaner 946620",Andhra Pradesh,2023-09-30,22K,Premium,973.267,6681.43,6502815.33,3.57,232150.51,6270664.82,Bank Transfer,
Eva Reddy,+913865232746,iranganathan@example.com,"317, Sami Road, Kochi-745588",Maharashtra,2024-03-03,18K,Pure,6.122,6439.31,39421.46,0.89,350.85,39070.61,Bank Transfer,
Biju Bose,0343046089,bloyal@example.net,"H.No. 21, Bera Chowk, Guntur-466536",Delhi,2023-10-01,18K,Premium,655.481,6445.03,4224594.71,4.71,198978.41,4025616.3,Bank Transfer,
Tanya Madan,+910052676813,yasmin37@example.net,"92, Walia Chowk, Bhatpara 113501",Telangana,2024-07-21,22K,Pure,197.773,5106.81,1009989.13,3.93,39692.57,970296.56,UPI,
Manjari Babu,4571753883,salvividur@example.org,"12/191, Datta Road, Bhilai-270566",Delhi,2023-10-22,18K,Pure,36.023,6550.9,235983.07,3.45,8141.42,227841.65,UPI,
Yasmin Datta,09476797702,indransrajan@example.com,"026, Goda Circle, Chittoor 646494",Karnataka,2024-08-01,24K,Standard,823.717,6222.2,5125331.92,1.67,85593.04,5039738.88,Bank Transfer,Soluta fugiat laboriosam delectus.
Dhanuk Mahajan,08513262753,horaromil@example.net,"056, Goswami Chowk, Bellary 326426",Andhra Pradesh,2025-02-08,22K,Standard,876.789,6930.5,6076586.16,2.12,128823.63,5947762.53,Card,
Navya Bath,8408375711,rsanghvi@example.org,"H.No. 965, Sethi Path, Ratlam 316343",Tamil Nadu,2023-10-22,22K,Standard,558.677,5572.8,3113395.19,1.49,46389.59,3067005.6,Cash,
Shlok Kanda,08451000945,bchandran@example.org,"09, Lanka, Munger 892688",Kerala,2025-02-28,24K,Premium,831.751,6877.81,5720625.35,2.18,124709.63,5595915.72,Bank Transfer,
Myra Gulati,00639205661,ratimanne@example.com,"87/92, Dutt, Katihar-234500",Tamil Nadu,2025-04-14,22K,Premium,986.731,6101.0,6020045.83,0.56,33712.26,5986333.57,UPI,
Parinaaz Apte,09505875651,bainstejas@example.net,"03/708, Balan Road, Pudukkottai-052307",Telangana,2024-03-17,22K,Pure,285.436,5707.38,1629091.72,4.67,76078.58,1553013.14,Cash,Ducimus laborum architecto quibusdam exercitationem.
Dhruv Varma,+913917716969,deshpandeshalv@example.org,"H.No. 93, Raja Chowk, Adoni-476910",Kerala,2023-07-06,22K,Standard,867.439,5993.75,5199212.51,1.61,83707.32,5115505.19,Bank Transfer,
Jhanvi Mane,09147195809,reneedate@example.net,"05, Wali Zila, Nadiad-824808",West Bengal,2024-05-24,18K,Standard,391.509,6137.52,2402894.32,4.55,109331.69,2293562.63,UPI,Ratione neque veniam possimus saepe saepe natus quam.
Yuvraj  Dar,2751029152,nehmat96@example.net,"H.No. 64, Acharya Path, Bhagalpur-273947",Tamil Nadu,2025-02-10,24K,Pure,716.101,5320.32,3809886.47,2.06,78483.66,3731402.81,Bank Transfer,Quos voluptas amet quisquam officia illum autem consequatur.
Neysa Ramesh,08508345721,rati08@example.net,"H.No. 680, Rastogi Circle, Imphal 975545",West Bengal,2024-05-02,24K,Premium,545.211,5001.86,2727069.09,3.24,88357.04,2638712.05,Card,
Misha Bora,05026579143,hiranyohannan@example.org,"26/34, Chhabra Path, Kharagpur-193690",Rajasthan,2023-08-02,18K,Premium,276.949,6082.1,1684431.51,2.59,43626.78,1640804.73,UPI,
Kabir Lad,+913126242372,tarinideol@example.com,"184, Chatterjee, Madanapalle 659242",Tamil Nadu,2024-11-16,18K,Premium,225.219,5219.45,1175519.31,0.02,235.1,1175284.21,Bank Transfer,
Emir Bahri,3847600822,bordenayantara@example.org,"H.No. 89, Goel Path, Latur 545084",Andhra Pradesh,2023-09-08,24K,Pure,537.069,6803.79,3654104.69,2.41,88063.92,3566040.77,Bank Transfer,Praesentium repudiandae dolore debitis officiis aliquid.
Hazel Barad,+915412518760,raghav33@example.net,"051, Sur Ganj, Chinsurah-671335",Delhi,2023-12-23,18K,Pure,129.209,6456.23,834203.02,4.25,35453.63,798749.39,Bank Transfer,
Reyansh Chawla,+910461912835,taran78@example.com,"38, Kapadia Marg, Ulhasnagar 750179",Andhra Pradesh,2024-06-09,24K,Standard,322.724,5373.19,1734057.37,4.64,80460.26,1653597.11,Bank Transfer,Accusantium doloribus aspernatur ipsam eligendi laboriosam libero doloremque.
Devansh Raju,3245725592,chatterjeeparinaaz@example.com,"H.No. 66, Kale Street, Panipat-228939",Gujarat,2025-01-29,18K,Premium,182.82,5329.76,974386.72,0.51,4969.37,969417.35,Card,
Shalv Subramaniam,08767134625,piyagulati@example.com,"70, Chaudhry Marg, Bharatpur-763836",Rajasthan,2024-12-11,24K,Pure,717.989,5392.96,3872085.96,0.53,20522.06,3851563.9,Bank Transfer,
Shanaya Raju,8217837076,jwali@example.com,"H.No. 90, Chawla Nagar, Dindigul-667504",Kerala,2025-05-21,22K,Pure,832.645,5752.19,4789532.24,3.58,171465.25,4618066.99,UPI,Magni in odit id unde voluptatum rem.
Kismat Ramaswamy,1843120997,nakul17@example.net,"H.No. 64, Bhandari Street, Bellary-679885",Maharashtra,2025-04-14,18K,Pure,960.282,5525.15,5305702.09,1.43,75871.54,5229830.55,Cash,
Vanya Chad,00136813489,jbhavsar@example.org,"59/77, Loyal Circle, Begusarai-941104",Gujarat,2025-01-22,22K,Pure,271.392,5887.63,1597855.68,4.21,67269.72,1530585.96,Card,
Kanav Jaggi,3936169918,nishith72@example.org,"H.No. 16, Vora Ganj, Dharmavaram-381010",Tamil Nadu,2024-03-29,22K,Standard,55.085,5778.37,318301.51,4.41,14037.1,304264.41,Card,Eius eligendi nulla consequuntur eum.
Reyansh Dewan,5214771908,zmagar@example.org,"69/11, Bhatnagar Path, Firozabad 417365",Delhi,2023-07-04,22K,Premium,637.238,5982.21,3812091.54,3.77,143715.85,3668375.69,Card,
Saksham Viswanathan,+911046605390,ivanasant@example.net,"989, Dalal Path, Latur-337295",Telangana,2024-12-10,24K,Premium,298.171,5806.37,1731291.15,0.84,14542.85,1716748.3,Card,
Seher Zacharia,+914016786370,kotharinitya@example.com,"19, Kakar Marg, Katni-087438",Telangana,2025-05-19,18K,Pure,623.614,6550.87,4085214.24,3.38,138080.24,3947134.0,Cash,Quis numquam quidem.
Shamik Sandhu,07021853137,hdani@example.org,"24/82, Halder Zila, Akola 455396",Tamil Nadu,2024-03-24,24K,Premium,486.847,6750.15,3286290.28,3.55,116663.3,3169626.98,Bank Transfer,
Anvi Lala,5602747473,onkar01@example.net,"H.No. 15, Bawa Marg, Anand 770195",West Bengal,2024-11-24,18K,Pure,567.751,5081.9,2885253.81,2.71,78190.38,2807063.43,Card,
Vihaan Madan,6472834619,vgala@example.org,"11, Ratti Path, Shivpuri-307580",Kerala,2024-07-02,24K,Standard,570.247,5228.86,2981741.73,2.33,69474.58,2912267.15,Card,Itaque id recusandae illum unde aperiam.
Shlok Shere,0772827085,indrans00@example.org,"H.No. 271, Ramachandran Zila, Panchkula-123260",Karnataka,2023-11-25,18K,Premium,968.051,5434.58,5260950.6,1.93,101536.35,5159414.25,Card,Aliquam quo quasi fuga debitis ipsam.
Jivin Bhatt,05701135217,abhalla@example.net,"13, Singhal Marg, Phagwara-546020",Tamil Nadu,2025-03-24,22K,Pure,952.679,5011.56,4774407.97,0.14,6684.17,4767723.8,Card,Voluptatem excepturi sint molestiae ex placeat et.
Kanav Mani,+916209575048,qghose@example.net,"829, Apte Road, Bhalswa Jahangir Pur-492787",Karnataka,2023-09-10,22K,Premium,252.567,6829.37,1724873.49,4.84,83483.88,1641389.61,Cash,
Abram Sanghvi,06496658931,sachdevshray@example.com,"H.No. 14, Sodhi Road, Kakinada-065836",Andhra Pradesh,2023-06-12,18K,Pure,619.819,5298.18,3283912.63,1.28,42034.08,3241878.55,Bank Transfer,
Hridaan Barad,09884537260,ggulati@example.org,"H.No. 52, Atwal Road, Sangli-Miraj & Kupwad-518534",Delhi,2025-05-15,22K,Standard,566.718,5745.36,3255998.93,0.61,19861.59,3236137.34,Bank Transfer,
Alia Jaggi,7284493685,ishankar@example.com,"H.No. 862, Gola Path, Darbhanga-504713",Rajasthan,2023-08-04,18K,Pure,531.935,5784.51,3076983.33,4.84,148925.99,2928057.34,Bank Transfer,
Nitya Lad,1736533852,hkara@example.net,"66/87, Soni Road, Jamalpur 629085",Gujarat,2025-05-11,18K,Premium,147.452,5976.42,881235.08,0.33,2908.08,878327.0,Cash,
Vivaan Wali,+917777432669,brajagopalan@example.org,"H.No. 073, Varma Road, Purnia 885765",Gujarat,2024-04-19,18K,Pure,741.585,5514.82,4089707.79,3.83,156635.81,3933071.98,Cash,Nam tempore dolorem ducimus voluptate voluptatem.
Rati Gopal,+916411309031,sacharritvik@example.net,"78, Kala, Hospet-789394",Karnataka,2024-02-19,22K,Standard,627.62,5208.21,3268776.76,0.27,8825.7,3259951.06,Cash,Inventore aperiam itaque occaecati in animi eligendi.
Divit Raman,03615960357,obandi@example.com,"H.No. 023, Upadhyay Path, Yamunanagar-351129",Gujarat,2025-02-08,18K,Premium,905.891,5707.0,5169919.94,1.6,82718.72,5087201.22,Bank Transfer,Recusandae distinctio excepturi vero sint ducimus commodi illo.
Azad Wali,8192118432,dhardhruv@example.com,"H.No. 254, Sura Nagar, Dehri 270371",West Bengal,2023-08-03,24K,Premium,108.307,5271.44,570933.85,5.0,28546.69,542387.16,Cash,
Stuvan Saxena,+913167143335,navya42@example.org,"84, Brahmbhatt Chowk, Tiruvottiyur-263426",West Bengal,2023-07-17,22K,Standard,837.875,6338.28,5310686.35,1.89,100371.97,5210314.38,Cash,Omnis harum cum velit ducimus quae rerum.
Dharmajan Kurian,08310004070,walihrishita@example.org,"26, Bhardwaj Marg, Hindupur 881419",Delhi,2024-07-06,18K,Premium,895.01,5003.52,4478200.44,4.43,198384.28,4279816.16,Card,
Badal Sampath,+914834460340,jivika04@example.com,"H.No. 008, Ray Ganj, Etawah-860392",Tamil Nadu,2023-08-05,24K,Standard,432.423,5127.35,2217184.07,4.78,105981.4,2111202.67,UPI,Excepturi voluptatum quia enim delectus perspiciatis est.
Parinaaz Issac,+916442610827,regenirvi@example.org,"398, Babu Path, Ahmedabad 891146",Andhra Pradesh,2024-09-02,24K,Premium,68.754,6506.66,447358.9,2.89,12928.67,434430.23,UPI,
Purab Chaudhary,00012330748,bdar@example.org,"53, Singhal Nagar, Junagadh-508605",Kerala,2024-11-11,22K,Pure,49.654,5925.84,294241.66,0.56,1647.75,292593.91,UPI,
Keya Grover,06979915909,bkakar@example.org,"H.No. 497, Bhat Street, Sangli-Miraj & Kupwad 696054",Tamil Nadu,2024-01-05,22K,Pure,914.538,5529.65,5057075.05,4.59,232119.74,4824955.31,UPI,Soluta odio quis laboriosam.
Kabir Dhawan,2083930184,pranay71@example.com,"H.No. 90, Raval Circle, Mango 312142",Telangana,2024-02-14,18K,Standard,249.579,6531.44,1630110.26,2.97,48414.27,1581695.99,Bank Transfer,Rem eveniet quisquam dignissimos perspiciatis.
Vritika Sachar,07189844804,mandnayantara@example.net,"H.No. 55, Kohli Ganj, Surendranagar Dudhrej-285987",Rajasthan,2023-10-10,22K,Premium,658.364,6642.5,4373182.87,3.88,169679.5,4203503.37,Bank Transfer,
Mohanlal Kaul,+918293235417,lakshay53@example.net,"77/63, Dar Zila, Junagadh-219863",Maharashtra,2023-08-20,24K,Premium,782.501,6090.18,4765571.94,2.55,121522.08,4644049.86,Cash,
Jayan Sehgal,03710051270,manjaribhasin@example.net,"33, Sarna Road, Malegaon-102743",Delhi,2024-09-01,22K,Pure,729.978,6149.38,4488912.11,2.86,128382.89,4360529.22,Card,Alias ducimus natus soluta vel.
Lakshay Rattan,+910206262847,priyansh83@example.net,"007, Kurian Circle, Kolkata 604272",Andhra Pradesh,2024-07-14,24K,Premium,720.748,6166.86,4444752.01,3.09,137342.84,4307409.17,Cash,
Parinaaz Sodhi,09411911838,saranjivin@example.com,"H.No. 630, Andra, Karnal 807501",Gujarat,2024-01-23,24K,Pure,170.948,6092.62,1041521.2,4.84,50409.63,991111.57,Card,
Vihaan Mander,3662132830,bgoyal@example.org,"74, Reddy Chowk, Bikaner 001068",Tamil Nadu,2023-07-29,22K,Pure,848.784,5003.67,4247035.04,0.48,20385.77,4226649.27,Bank Transfer,Id laudantium quod vero.
Nitya Lala,+910371283563,msant@example.com,"570, Jain, Barasat 603969",Rajasthan,2023-10-29,22K,Premium,912.278,5739.72,5236220.28,2.84,148708.66,5087511.62,Card,Itaque laboriosam occaecati corrupti.
Anvi Ghosh,+914073462701,cswamy@example.net,"H.No. 99, Mangat Chowk, Bhopal-647801",Kerala,2024-02-22,18K,Premium,99.197,5721.47,567552.66,0.44,2497.23,565055.43,UPI,Rem laborum aperiam.
Yakshit Som,8015695983,aaryahirau@example.com,"H.No. 022, Bahl Street, Pune-331401",Telangana,2023-06-28,24K,Pure,789.962,5334.32,4213910.1,0.67,28233.2,4185676.9,Card,
Ahana  Kari,+911558790869,mohanlalkibe@example.com,"19/761, Chhabra Circle, Dindigul-006224",Tamil Nadu,2023-12-30,18K,Pure,492.014,5429.66,2671468.74,3.76,100447.22,2571021.52,Cash,
Kismat Wali,04300366322,sekhonriaan@example.org,"653, Bajaj, Tadipatri 077141",Karnataka,2025-02-11,22K,Pure,909.883,6730.86,6124295.09,0.13,7961.58,6116333.51,UPI,
Uthkarsh Chowdhury,09246435554,tiyaiyer@example.net,"H.No. 580, Som Road, Bally 678789",Telangana,2023-06-26,18K,Premium,702.695,6881.72,4835750.24,4.57,220993.79,4614756.45,UPI,
Mannat Ramanathan,1304790150,vkant@example.org,"88/66, De Circle, Silchar-264673",Rajasthan,2024-07-18,22K,Pure,989.167,6268.73,6200820.85,4.27,264775.05,5936045.8,UPI,Iste quia excepturi.
Adah Lal,2083152049,anandnishith@example.org,"H.No. 687, Tella Chowk, Navi Mumbai 792556",Telangana,2024-08-16,18K,Standard,716.017,6748.58,4832098.01,1.25,60401.23,4771696.78,Cash,Dignissimos modi sed officia.
Vidur Cherian,07570762084,qdugar@example.net,"635, Wagle Marg, Chinsurah 345713",Kerala,2024-04-01,24K,Pure,433.24,6943.37,3008145.62,2.75,82724.0,2925421.62,Cash,
Ranbir Bhasin,1773893484,nishith08@example.org,"61, Sagar Nagar, Nagercoil 996467",Gujarat,2025-05-16,22K,Premium,425.275,5976.87,2541813.39,0.44,11183.98,2530629.41,Card,
Anika Choudhry,9142925869,qwable@example.com,"04, Handa Ganj, Tenali 581058",Gujarat,2025-05-16,24K,Pure,677.48,5733.4,3884263.83,0.32,12429.64,3871834.19,Card,
Himmat Dalal,03798768075,manikyagala@example.com,"H.No. 29, Bhasin Street, Rourkela-782615",Tamil Nadu,2024-05-13,22K,Premium,558.721,5676.34,3171490.36,3.8,120516.63,3050973.73,Cash,Voluptas sed mollitia aut nobis.
Yasmin Chaudhuri,8929009025,saira61@example.org,"24/210, Gill Nagar, Baranagar 642360",West Bengal,2025-01-24,24K,Premium,29.813,6555.3,195433.16,4.56,8911.75,186521.41,Bank Transfer,Consectetur reiciendis aspernatur provident fugit voluptatibus.
Hrishita Banik,07422571782,karmahika@example.org,"568, Kothari Marg, Rampur 565550",Maharashtra,2023-08-04,18K,Pure,789.843,5982.47,4725212.05,4.41,208381.85,4516830.2,UPI,
Devansh Kumar,00187397435,khareadah@example.com,"71, Baria Street, Nandyal 751449",Maharashtra,2023-07-26,18K,Pure,934.149,5304.3,4955006.54,2.1,104055.14,4850951.4,Bank Transfer,Porro numquam quo est itaque reiciendis.
Amira Hayre,+913219292730,anaytaneja@example.org,"24/80, Dutt Path, Jamnagar-120981",Kerala,2024-05-07,22K,Standard,51.59,5554.28,286545.31,3.73,10688.14,275857.17,Bank Transfer,Necessitatibus dolorem quo natus.
Jayesh Handa,+919442367933,odash@example.net,"H.No. 66, Ganesh Nagar, Munger-756497",Delhi,2025-05-11,22K,Premium,364.674,5350.08,1951035.07,0.98,19120.14,1931914.93,Cash,Tempore temporibus nemo esse.
Manikya Reddy,1234391544,parinaaz08@example.org,"59/067, Master Chowk, Kozhikode-736431",Tamil Nadu,2024-01-17,22K,Standard,866.999,5772.01,5004326.9,2.1,105090.86,4899236.04,Cash,Illo saepe optio accusamus explicabo.
Zain Sura,02033394404,elakshi36@example.org,"72/103, Khatri Zila, Bhubaneswar-638934",Karnataka,2024-09-01,18K,Premium,992.619,5751.25,5708800.02,1.21,69076.48,5639723.54,Bank Transfer,
Keya Jayaraman,6289501617,fdhingra@example.com,"H.No. 345, Saxena, Gangtok-739111",Karnataka,2024-09-14,24K,Pure,542.056,6889.37,3734424.34,2.35,87758.97,3646665.37,Card,
Dhanuk Baria,2382554367,banikpriyansh@example.net,"H.No. 732, Kapur Zila, Khandwa 525369",Delhi,2024-02-19,22K,Standard,564.927,6634.28,3747883.9,0.35,13117.59,3734766.31,Cash,
Saanvi Garg,04396825361,svala@example.net,"H.No. 73, Sarma, Bhiwani 029429",Maharashtra,2024-01-17,18K,Premium,118.994,5350.06,636625.04,1.58,10058.68,626566.36,Card,
Mehul Shetty,07238607003,aarna85@example.org,"44/90, Gopal Chowk, Thoothukudi-328564",Maharashtra,2023-11-23,22K,Pure,39.481,6348.92,250661.71,3.19,7996.11,242665.6,UPI,
Misha Dugal,01551420977,dashsuhana@example.net,"H.No. 33, Batra Ganj, Patna-422515",Gujarat,2023-11-27,24K,Premium,299.626,6706.73,2009510.68,2.37,47625.4,1961885.28,UPI,
Taran Verma,05596949043,shaanghosh@example.org,"H.No. 592, Kalita, Udupi 958765",Karnataka,2025-05-19,22K,Pure,847.977,5767.47,4890681.91,0.46,22497.14,4868184.77,UPI,Eveniet necessitatibus quo harum alias provident sint.
Charvi Sarraf,+916470506330,bhasinindrajit@example.net,"H.No. 534, Sekhon Road, Berhampore 922939",Karnataka,2025-05-12,18K,Standard,622.106,5057.08,3146039.81,3.35,105392.33,3040647.48,Bank Transfer,
Ojas Kala,2269055464,pborra@example.com,"84/467, Sampath Path, Thiruvananthapuram 689310",Maharashtra,2025-03-17,24K,Pure,140.185,5046.29,707414.16,2.7,19100.18,688313.98,Cash,
Shlok Subramaniam,+916736269398,eva25@example.net,"53/754, Dhillon Circle, Bhatpara-072440",Telangana,2024-02-25,22K,Premium,982.923,6015.97,5913235.28,2.42,143100.29,5770134.99,UPI,
Shlok Raja,+918989417344,dishaniganguly@example.net,"H.No. 77, Banik Marg, Durgapur-127072",Rajasthan,2024-11-20,22K,Standard,488.759,6909.71,3377182.95,2.62,88482.19,3288700.76,UPI,
Parinaaz Devi,05138484151,skari@example.net,"541, Majumdar, Bijapur-829171",Karnataka,2025-02-27,24K,Premium,830.055,6308.97,5236792.09,4.96,259744.89,4977047.2,Bank Transfer,
Biju Kapoor,+918676560025,qiyer@example.org,"24/94, Chatterjee Circle, Secunderabad 554614",Karnataka,2024-07-25,22K,Pure,808.349,5043.45,4076867.76,0.54,22015.09,4054852.67,Card,
Advik Kalla,06798774817,lbava@example.com,"H.No. 57, Loyal Road, Serampore 441593",Karnataka,2023-11-01,24K,Standard,327.239,5676.11,1857444.56,3.56,66125.03,1791319.53,Bank Transfer,
Kavya Kade,8294435703,ekulkarni@example.com,"97/26, D’Alia Ganj, Khandwa-118638",Delhi,2024-06-02,24K,Standard,500.609,6914.58,3461500.98,2.0,69230.02,3392270.96,Card,
Zain Badal,7596875148,veer36@example.com,"30/78, Banik Ganj, Howrah-959123",Rajasthan,2023-11-26,22K,Pure,587.925,6114.71,3594990.88,3.1,111444.72,3483546.16,Card,
Kismat Kunda,03331425997,mmallick@example.net,"H.No. 12, Wason Ganj, Tiruppur-417227",Tamil Nadu,2023-10-17,22K,Premium,299.932,6946.23,2083396.66,3.33,69377.11,2014019.55,UPI,
Advik Sem,7433562682,jkakar@example.net,"03/46, Das Ganj, Karimnagar 728911",Rajasthan,2024-03-01,24K,Pure,137.078,6582.32,902291.26,4.05,36542.8,865748.46,Bank Transfer,
Shaan Sathe,+913722679741,indrans13@example.com,"661, Bakshi Zila, Phusro-693620",Rajasthan,2025-02-09,24K,Premium,134.185,5569.1,747289.68,3.12,23315.44,723974.24,UPI,
Krish Vala,5653302545,yuvraj-sandal@example.com,"H.No. 509, Gaba Road, Shimla 710678",Kerala,2025-02-18,24K,Premium,478.334,5129.64,2453681.22,4.34,106489.76,2347191.46,Bank Transfer,
Ishita Sarkar,+912674492045,adah23@example.net,"24, Dass Chowk, Haldia-976349",Rajasthan,2023-10-07,18K,Standard,995.305,5153.29,5129095.3,4.14,212344.55,4916750.75,UPI,Excepturi nesciunt corporis.
Rhea Sabharwal,06487612300,romilvora@example.org,"H.No. 335, Kashyap Marg, Anantapur 744923",Kerala,2024-08-09,24K,Pure,284.044,5778.9,1641461.87,1.74,28561.44,1612900.43,Cash,Voluptatum nisi nisi.
Nishith Dutt,06276234875,divit32@example.org,"01/29, Vohra Path, Bhiwandi-898298",Gujarat,2024-06-20,24K,Premium,750.884,5669.13,4256859.01,1.88,80028.95,4176830.06,Bank Transfer,
Prisha Bala,6321264551,saira90@example.com,"51/00, Dua Street, Jamnagar 068921",Telangana,2023-07-09,24K,Standard,267.369,6827.74,1825526.02,4.79,87442.7,1738083.32,Cash,Dicta esse harum neque tempora eaque.
Jivin Hora,+912267485415,aliavirk@example.com,"689, Vasa, Kirari Suleman Nagar 291188",Maharashtra,2023-08-08,24K,Premium,954.742,5241.53,5004308.84,2.84,142122.37,4862186.47,UPI,Id provident veritatis beatae occaecati beatae sequi.
Yuvaan Barad,+916267568738,xsampath@example.com,"87/13, Sahota Marg, Nanded 885972",Gujarat,2025-01-04,22K,Standard,206.761,6212.58,1284519.25,3.63,46628.05,1237891.2,Bank Transfer,
Pari Uppal,+918057754708,xwason@example.net,"87/765, Mangat Road, Solapur-350458",Maharashtra,2024-03-20,24K,Pure,299.101,5852.6,1750518.51,0.7,12253.63,1738264.88,UPI,
Kimaya Cherian,3933428192,bkhosla@example.com,"H.No. 99, Grover Nagar, Gorakhpur-559042",West Bengal,2023-12-05,24K,Standard,295.434,6138.62,1813557.06,3.57,64743.99,1748813.07,Cash,
Dhruv Bawa,+916462595893,raunakissac@example.com,"H.No. 22, Grover Road, Malda-004426",Gujarat,2023-10-01,18K,Pure,91.973,5637.02,518453.64,3.9,20219.69,498233.95,Cash,
Aradhya Dave,3655212579,darshit94@example.org,"H.No. 29, Kohli Path, Farrukhabad-540535",West Bengal,2023-07-01,24K,Pure,502.231,5702.34,2863891.92,0.48,13746.68,2850145.24,UPI,At asperiores veritatis adipisci quidem quasi.
Reyansh Dhingra,+917732437730,godajayan@example.net,"06, Madan Nagar, Amroha 846891",Gujarat,2024-01-22,22K,Pure,256.959,5554.59,1427301.89,1.11,15843.05,1411458.84,Cash,Neque libero inventore repellat.
Ivan Shroff,+915439077176,veer99@example.net,"317, Venkataraman Marg, Phagwara-900142",Rajasthan,2025-01-31,24K,Premium,97.992,5814.95,569818.58,2.92,16638.7,553179.88,Bank Transfer,
Kabir Yogi,3047974707,sanasrinivasan@example.net,"42/862, Saran Street, Kozhikode 319573",Tamil Nadu,2024-12-20,22K,Premium,11.091,6525.53,72374.65,0.32,231.6,72143.05,Card,Delectus dolores veniam quod.
Ivan Kumer,06736190802,hridaanmani@example.com,"H.No. 74, Sule Chowk, Sri Ganganagar 532674",Delhi,2023-07-08,24K,Premium,360.603,5973.91,2154209.87,1.42,30589.78,2123620.09,Card,
Nitara Balakrishnan,00141671737,rheasura@example.net,"19/28, Chandra Street, Kalyan-Dombivli-270240",Gujarat,2024-02-11,18K,Premium,618.493,6705.24,4147144.0,0.75,31103.58,4116040.42,UPI,
Kashvi Cheema,+916686575934,jhanvi65@example.org,"H.No. 260, Ben, Sasaram-044078",Tamil Nadu,2025-01-23,18K,Standard,811.86,6688.09,5429792.75,4.64,251942.38,5177850.37,Cash,
Aarav Rao,2507070519,brahmbhattsuhana@example.net,"H.No. 305, Sarna Road, Thoothukudi-156191",Rajasthan,2024-04-03,22K,Pure,55.97,5384.88,301391.73,2.39,7203.26,294188.47,UPI,
Advika Balan,05581537416,prerakmadan@example.com,"H.No. 239, Barman Zila, Bardhaman 708113",Telangana,2024-09-13,18K,Premium,55.119,5891.16,324714.85,4.76,15456.43,309258.42,UPI,
Arnav Aurora,+918371087631,xkeer@example.com,"854, Uppal Marg, Dharmavaram-822557",Kerala,2024-02-23,22K,Premium,676.679,6124.5,4144320.54,1.3,53876.17,4090444.37,Cash,
Divit Bhakta,01057349043,kanavsengupta@example.net,"92/60, Garde Nagar, Raurkela Industrial Township 589101",Telangana,2024-10-28,22K,Pure,407.055,6259.06,2547781.67,1.59,40509.73,2507271.94,Cash,
Samarth Khatri,+911455740605,dsaxena@example.net,"95/62, Grover Path, Durgapur-302431",West Bengal,2024-11-08,24K,Premium,285.894,5328.85,1523486.24,0.84,12797.28,1510688.96,Cash,
Aniruddh Magar,+916726392378,taran54@example.com,"H.No. 95, Balay Zila, Nizamabad 603517",West Bengal,2023-10-04,24K,Pure,745.49,6942.25,5175377.95,0.83,42955.64,5132422.31,Card,Reprehenderit ad odit fuga.
Aarav Mandal,1263467375,stuvan79@example.net,"80/148, Agarwal Chowk, Warangal 897020",Andhra Pradesh,2023-10-28,18K,Pure,777.518,6155.75,4786206.43,4.37,209157.22,4577049.21,Bank Transfer,
Bhavin Jayaraman,7548834286,anvigopal@example.org,"09/438, Keer Street, Faridabad-624852",Tamil Nadu,2023-11-06,18K,Standard,929.144,6869.32,6382587.46,0.73,46592.89,6335994.57,Card,
Ojas Wable,08995322786,vivaansachdev@example.org,"44/99, Choudhary Road, Haldia-001408",Maharashtra,2024-10-05,22K,Standard,218.738,5240.86,1146375.23,1.38,15819.98,1130555.25,Card,
Gatik Dhillon,05298110451,siyakala@example.com,"483, Raja Street, Tinsukia 325794",Telangana,2025-04-09,24K,Standard,963.01,5294.26,5098425.32,0.47,23962.6,5074462.72,Bank Transfer,Pariatur illum reiciendis eligendi ipsa.
Jayan Savant,0134853497,mahika60@example.com,"091, Khalsa Ganj, Bongaigaon-392297",Telangana,2024-01-23,18K,Pure,501.078,5485.43,2748628.29,0.68,18690.67,2729937.62,Card,Nisi incidunt ratione harum.
Mannat Mani,06550184635,wablenitara@example.net,"H.No. 81, Samra Marg, Dindigul 909829",Maharashtra,2023-11-26,24K,Standard,398.623,6735.81,2685048.79,0.14,3759.07,2681289.72,Cash,
Emir Madan,+919553582637,bhaktashayak@example.org,"H.No. 004, Shanker, Udaipur 861613",Gujarat,2025-05-10,24K,Standard,779.694,5344.92,4167402.05,0.2,8334.8,4159067.25,Card,
Miraan Thakur,6476176245,zaina23@example.org,"74, Hans Marg, Narasaraopet-309075",Maharashtra,2024-02-13,18K,Pure,714.202,5016.7,3582937.17,1.21,43353.54,3539583.63,UPI,
Sumer Majumdar,+918584079036,edwinshanaya@example.net,"382, Seshadri Chowk, Raiganj-853970",Rajasthan,2024-10-21,18K,Pure,117.81,6091.85,717680.85,2.07,14855.99,702824.86,UPI,Ea nesciunt soluta consequatur delectus.
Divit Bawa,01605726221,miraya90@example.com,"H.No. 798, Ram Chowk, Malegaon-805083",Kerala,2025-02-09,18K,Pure,344.701,5623.74,1938508.8,0.95,18415.83,1920092.97,Bank Transfer,
Sara Gupta,07996262864,kabir09@example.com,"94/716, Bumb Circle, Kharagpur 258856",Karnataka,2024-01-18,24K,Pure,187.234,6635.3,1242353.76,2.09,25965.19,1216388.57,Cash,
Raghav Chaudhari,+913703785740,kabirsharma@example.com,"35/540, Barman Zila, Kalyan-Dombivli-844258",Gujarat,2024-01-04,18K,Standard,493.105,6508.5,3209373.89,3.56,114253.71,3095120.18,Card,
Parinaaz Dutt,+917409861538,senguptarenee@example.com,"H.No. 565, Ghose Street, Chandigarh-323361",West Bengal,2024-11-20,24K,Pure,635.686,6003.96,3816633.32,1.59,60684.47,3755948.85,Card,
Ahana  Sawhney,4992387500,aniruddh77@example.com,"66/63, Arya Ganj, Panchkula 213884",Kerala,2023-12-19,24K,Pure,408.206,6476.72,2643835.96,0.35,9253.43,2634582.53,Bank Transfer,
Myra Kata,9481048052,hegdezara@example.com,"73/85, Hegde, Raipur 125878",Gujarat,2023-10-17,18K,Standard,920.025,6618.32,6089019.86,3.6,219204.71,5869815.15,Card,Ea fugiat harum.
Faiyaz Kaul,+919945361359,riaan13@example.net,"37/56, Thaman Marg, Agra 809225",Rajasthan,2023-10-11,22K,Pure,471.151,5382.03,2535748.82,1.13,28653.96,2507094.86,UPI,Libero nemo doloribus non autem recusandae.
Miraan Bobal,02254644159,malhotraeva@example.com,"83/62, Batra Street, Bijapur 931923",Andhra Pradesh,2023-10-21,24K,Standard,8.167,5665.84,46272.92,1.29,596.92,45676.0,Card,
Siya Shetty,+915556085702,jsidhu@example.com,"H.No. 536, Aggarwal Ganj, Sirsa 424516",Telangana,2024-06-30,18K,Pure,375.837,5972.97,2244863.13,0.58,13020.21,2231842.92,Cash,
Tiya Upadhyay,6851479660,emandal@example.com,"H.No. 587, Goswami Street, Panchkula 528121",West Bengal,2024-08-21,24K,Pure,539.475,5972.7,3222122.33,0.22,7088.67,3215033.66,Bank Transfer,
Adira Bhatnagar,6181366373,aaryahigoswami@example.com,"H.No. 898, Varty, Bijapur 206399",Gujarat,2024-01-18,24K,Premium,811.732,6282.66,5099836.17,3.73,190223.89,4909612.28,UPI,
Aarna Boase,2810374098,hunar19@example.org,"563, Sachdeva Road, Berhampore 451213",Telangana,2024-05-22,18K,Premium,582.869,6195.45,3611135.75,0.3,10833.41,3600302.34,Card,Corrupti fugit veniam aliquam.
Jayesh Ramaswamy,02070887572,zara60@example.net,"42/80, Ahluwalia Ganj, Kolhapur 035833",Kerala,2025-03-25,18K,Premium,428.339,5788.25,2479333.22,2.99,74132.06,2405201.16,Cash,
Abram Baral,0890516104,dhanushsani@example.net,"77/73, Wali Zila, Bhimavaram 924882",Delhi,2023-12-13,24K,Premium,945.237,6405.25,6054479.29,4.57,276689.7,5777789.59,Cash,
Lakshay Mammen,06220110071,ydani@example.org,"22/92, Bir Road, Bhimavaram-939700",Tamil Nadu,2023-06-25,18K,Standard,101.037,5597.52,565556.63,4.26,24092.71,541463.92,UPI,
Divyansh Dugal,5561911234,mandhazel@example.net,"H.No. 30, Wali, Maheshtala-389484",Andhra Pradesh,2024-04-20,18K,Premium,440.903,6361.36,2804742.71,3.87,108543.54,2696199.17,UPI,
Tejas Kaur,5744741279,bbava@example.com,"H.No. 25, Hegde Road, Nagaon-786097",West Bengal,2024-05-13,22K,Pure,564.589,6807.8,3843608.99,4.46,171424.96,3672184.03,Bank Transfer,
Raghav Kumar,4949043664,raunak63@example.net,"H.No. 06, Jaggi Circle, Vadodara 496797",Andhra Pradesh,2024-02-17,18K,Pure,222.025,6457.53,1433733.1,3.85,55198.72,1378534.38,UPI,
Piya Bhagat,+914409569655,sarrafyasmin@example.net,"182, Sehgal Chowk, Sirsa-186344",Rajasthan,2024-09-16,18K,Standard,540.552,5274.9,2851357.74,1.42,40489.28,2810868.46,Card,
Bhavin Thaker,1907042793,priyansh33@example.org,"H.No. 33, Vohra Zila, Jamshedpur 011724",Maharashtra,2023-07-17,24K,Pure,313.54,5960.46,1868842.63,2.73,51019.4,1817823.23,UPI,
Taran Ben,2182182312,gatik70@example.com,"28/333, Raja Chowk, Dehradun 503529",Karnataka,2023-11-18,24K,Premium,386.59,5628.04,2175743.98,0.4,8702.98,2167041.0,UPI,Fugiat a voluptatum nisi inventore accusamus.
Yakshit Tella,03308014560,aarav41@example.net,"91/24, Deshpande Circle, Chennai-843880",Andhra Pradesh,2024-11-01,18K,Pure,352.204,5961.37,2099618.36,4.73,99311.95,2000306.41,Card,
Alia Borah,+915545755128,behlanahi@example.com,"07/81, Jaggi Street, Orai-122673",Andhra Pradesh,2023-08-29,18K,Standard,370.745,5136.56,1904353.94,3.02,57511.49,1846842.45,Bank Transfer,Nisi iure culpa omnis laborum veritatis voluptate.
Nehmat Datta,+915997404874,hwason@example.net,"403, Sule, Sultan Pur Majra-099833",Rajasthan,2025-01-04,22K,Standard,703.538,5472.55,3850146.88,0.68,26181.0,3823965.88,UPI,
Hunar Dayal,04819016445,krishjhanvi@example.net,"38, Venkataraman Ganj, Hapur-479842",Andhra Pradesh,2024-02-07,18K,Premium,128.783,6204.83,799076.62,3.64,29086.39,769990.23,Cash,Quisquam vel at.
Kabir Singhal,+913936429689,karitara@example.net,"585, Chad Nagar, Dhanbad-844259",Telangana,2025-04-03,18K,Premium,568.466,5466.98,3107792.25,3.6,111880.52,2995911.73,Bank Transfer,
Rasha Desai,+918728575978,dhillonhazel@example.org,"53, Bose Road, Rourkela 767261",Kerala,2025-03-24,18K,Standard,300.876,5461.53,1643243.3,3.49,57349.19,1585894.11,UPI,
Kismat Bahri,+914215846290,kdixit@example.com,"07/037, Desai Path, Jalgaon-061003",Karnataka,2024-02-28,24K,Standard,414.132,6377.46,2641110.26,4.62,122019.29,2519090.97,Bank Transfer,
Seher Bali,9295692102,sana22@example.net,"75/326, Bajaj Nagar, Kulti 496383",Delhi,2023-08-16,22K,Pure,685.455,5067.82,3473762.56,2.31,80243.92,3393518.64,Bank Transfer,
Hridaan Ben,+913893430379,ibose@example.org,"292, Sarkar Zila, Vijayanagaram-412762",Karnataka,2023-08-12,22K,Pure,446.153,5783.13,2580160.8,2.44,62955.92,2517204.88,Card,
Siya Lad,04823947793,keyasem@example.org,"H.No. 975, Krishna Road, Ahmedabad 443063",Rajasthan,2024-08-30,18K,Pure,540.735,5255.83,2842011.24,1.16,32967.33,2809043.91,UPI,Aspernatur provident nulla cum.
Onkar Manne,+916699318455,haldershayak@example.com,"70/598, Arora Path, Moradabad-167128",Tamil Nadu,2024-09-26,24K,Standard,307.088,6132.71,1883281.65,3.04,57251.76,1826029.89,Bank Transfer,Maxime corrupti occaecati similique autem nobis.
Miraan Ramaswamy,3530952321,fsuri@example.net,"H.No. 16, Kamdar Nagar, Latur 137548",West Bengal,2024-05-17,22K,Premium,896.472,6486.25,5814741.51,4.68,272129.9,5542611.61,UPI,Magnam repellat et excepturi reiciendis eligendi.
Miraya Keer,+915349852446,kimaya44@example.net,"380, Sule Ganj, Ghaziabad 520362",Gujarat,2024-11-18,18K,Premium,83.783,6500.57,544637.26,1.36,7407.07,537230.19,Cash,Quisquam quaerat dolore veniam.
Ishita Sur,1645917511,advik63@example.com,"H.No. 458, Golla Path, Mehsana-570113",West Bengal,2025-01-15,18K,Pure,345.467,6959.35,2404225.77,1.54,37025.08,2367200.69,Card,
Vaibhav Khalsa,01882791032,abram11@example.org,"H.No. 59, Khosla, Warangal-866715",Rajasthan,2023-06-12,22K,Pure,278.382,5623.44,1565464.47,2.09,32718.21,1532746.26,Bank Transfer,
Kashvi Thakur,+917745513308,nayantarathakur@example.com,"69, Choudhury Path, Vijayawada-214507",Tamil Nadu,2024-12-06,22K,Standard,223.656,6665.87,1490861.82,0.52,7752.48,1483109.34,Cash,Aut molestiae ratione nisi cum ut.
Sahil Hari,7576866155,eshanibhattacharyya@example.com,"H.No. 526, Gera Road, Hyderabad-046594",Andhra Pradesh,2024-05-29,18K,Pure,436.83,5831.48,2547365.41,4.29,109281.98,2438083.43,UPI,Error itaque amet nihil officiis asperiores minima unde.
Farhan Dewan,04302426135,nitara38@example.org,"93/27, Kala Marg, Bidar-106782",Telangana,2025-02-17,22K,Pure,750.504,6050.76,4541119.58,1.59,72203.8,4468915.78,Bank Transfer,
Anvi Rege,+916360359051,mahajanakarsh@example.org,"97/182, Bora Path, Anantapur-358769",Kerala,2024-05-11,22K,Premium,427.761,6429.59,2750327.85,0.81,22277.66,2728050.19,Card,
Veer Mangal,00370694270,charviviswanathan@example.net,"00/15, Krishna Zila, Bathinda-717418",Maharashtra,2024-11-25,22K,Standard,508.804,5653.06,2876299.54,1.92,55224.95,2821074.59,Card,Iste quidem quis quas.
Nehmat Bawa,3896037142,xbedi@example.com,"22/10, Hari, Surat 771886",Karnataka,2024-08-12,24K,Standard,699.815,6297.32,4406959.0,0.57,25119.67,4381839.33,Card,Autem voluptatibus recusandae ullam delectus commodi.
Aarna Madan,02752108473,nityaganesh@example.org,"H.No. 14, Bhatt Chowk, Thane-515299",Rajasthan,2024-04-29,24K,Pure,905.003,5438.56,4921913.12,2.64,129938.51,4791974.61,Card,
Urvi Loke,9640197002,mehulbiswas@example.org,"H.No. 82, Suresh Circle, Panchkula-026876",Andhra Pradesh,2023-07-15,22K,Standard,592.517,5608.53,3323149.37,1.75,58155.11,3264994.26,Bank Transfer,
Diya Dutt,+918197744979,ichatterjee@example.org,"80, Wagle Circle, Gangtok 023760",Rajasthan,2024-09-29,18K,Pure,234.494,6673.81,1564968.4,1.14,17840.64,1547127.76,Bank Transfer,
Jhanvi Dara,02509154108,groversana@example.org,"59/311, Bhatt Marg, Buxar 206731",Andhra Pradesh,2024-05-05,24K,Standard,814.722,5583.64,4549114.35,4.8,218357.49,4330756.86,Cash,
Seher Choudhry,05578529625,kaira24@example.com,"169, Raman Street, Hapur 413125",Gujarat,2024-03-22,18K,Premium,540.631,5906.12,3193031.56,1.74,55558.75,3137472.81,Cash,Incidunt ut magni soluta numquam iure.
Kaira Gole,2509745467,khoslajayant@example.com,"76, Bala Nagar, Shimoga-206382",Delhi,2023-11-14,18K,Pure,320.64,5405.93,1733357.4,1.31,22706.98,1710650.42,Cash,Et voluptate quibusdam expedita quis magnam.
Pihu Sinha,4403628462,ubhavsar@example.com,"363, Mann Zila, Ghaziabad-016697",Rajasthan,2023-12-25,22K,Pure,651.469,5083.63,3311827.35,2.12,70210.74,3241616.61,Bank Transfer,Tempora provident occaecati reprehenderit cumque.
Armaan Kannan,+911833733517,pihusubramanian@example.org,"19/59, Wali Marg, Jaunpur 459340",West Bengal,2024-03-28,24K,Premium,456.599,5567.63,2542174.29,0.33,8389.18,2533785.11,Cash,
Himmat Dasgupta,05994272636,berajayesh@example.org,"H.No. 735, Bali Zila, Adoni 900345",Rajasthan,2023-07-01,22K,Standard,748.046,6385.96,4776991.83,4.17,199200.56,4577791.27,UPI,
Madhav Jain,+914560239893,dualavanya@example.net,"H.No. 105, Kuruvilla, Mau-954613",Rajasthan,2024-09-19,22K,Premium,941.275,6896.25,6491267.72,4.14,268738.48,6222529.24,UPI,
Krish Deshmukh,05211414577,bkakar@example.com,"680, Tandon Path, Junagadh 746713",Tamil Nadu,2025-03-17,18K,Pure,516.597,6449.34,3331709.7,3.55,118275.69,3213434.01,Bank Transfer,Praesentium sint quae esse eum nisi accusantium.
Gatik Kibe,1325224815,madhupwarrior@example.com,"70/488, Seth Zila, Raichur 607991",Gujarat,2025-01-12,24K,Pure,578.853,6362.79,3683120.08,2.24,82501.89,3600618.19,Card,Maxime magnam voluptatem non nulla nam nihil provident.
Aarav Mander,07054553270,karnikromil@example.com,"H.No. 094, Bumb Road, Phusro 638313",Rajasthan,2024-04-23,18K,Standard,726.548,5554.51,4035618.13,1.37,55287.97,3980330.16,Card,
Armaan Ravel,6948219333,aviswanathan@example.net,"H.No. 74, Chaudhari Nagar, Haridwar 186062",Maharashtra,2023-07-04,18K,Pure,371.788,6983.45,2596362.91,0.16,4154.18,2592208.73,Bank Transfer,Numquam ducimus assumenda voluptas.
Onkar Mammen,6559621873,rajmanjari@example.net,"222, Mallick Chowk, Sikar-489443",Andhra Pradesh,2024-11-15,18K,Pure,589.878,5156.2,3041528.94,1.95,59309.81,2982219.13,Card,
Saanvi Buch,+917515286099,aliasant@example.com,"33, Manne Street, Gurgaon 033011",Telangana,2023-08-24,22K,Premium,768.263,5128.77,3940244.23,4.34,171006.6,3769237.63,Bank Transfer,
Madhav Vasa,1440971711,alia88@example.org,"94/53, Balakrishnan Road, Ichalkaranji-165142",Karnataka,2024-03-11,22K,Pure,203.442,5841.94,1188495.96,4.38,52056.12,1136439.84,Card,
Oorja Chatterjee,+912476106526,bhavinkrishna@example.net,"880, Bala Ganj, Mau-602802",Rajasthan,2023-06-12,24K,Premium,5.086,6568.97,33409.78,1.57,524.53,32885.25,Card,
Rohan Bava,+911316486606,xrout@example.com,"01/962, Zacharia Zila, Chapra-809120",Andhra Pradesh,2023-06-25,24K,Pure,994.639,5537.2,5507515.07,0.36,19827.05,5487688.02,Cash,
Rania Batra,+915825446175,odara@example.net,"71/32, Wagle Marg, Solapur-326959",Telangana,2025-03-02,18K,Premium,522.286,6085.15,3178188.65,4.4,139840.3,3038348.35,UPI,
Ranbir Gala,06825834356,kumerjiya@example.com,"718, Salvi Marg, Bongaigaon 118920",Tamil Nadu,2025-05-14,22K,Pure,524.739,6669.29,3499636.57,0.61,21347.78,3478288.79,UPI,
Drishya Mahajan,01729390859,suhana19@example.net,"H.No. 440, Bala Marg, Avadi 194504",Rajasthan,2024-01-08,18K,Premium,912.047,5387.72,4913853.86,0.5,24569.27,4889284.59,Bank Transfer,
Sana Arora,8189510542,shankerelakshi@example.com,"187, Thakur Ganj, Haridwar 949729",Telangana,2024-05-14,24K,Premium,761.947,6509.45,4959855.9,1.04,51582.5,4908273.4,Card,Dolorum a amet debitis.
Jivin Balakrishnan,+911028995699,pdasgupta@example.org,"26, Iyer Marg, Bardhaman-872294",Gujarat,2024-12-12,18K,Premium,387.336,6187.23,2396536.92,0.36,8627.53,2387909.39,UPI,
Nayantara Bhandari,03175175991,sunderyuvaan@example.com,"H.No. 86, Rastogi Nagar, Sultan Pur Majra-635774",Maharashtra,2024-07-10,24K,Standard,519.528,5008.88,2602253.41,2.59,67398.36,2534855.05,Card,
Jayesh Bajaj,+913173064906,jiya47@example.org,"H.No. 743, Bajwa Circle, Ludhiana-359942",Maharashtra,2024-08-18,22K,Standard,706.185,6277.24,4432892.73,0.57,25267.49,4407625.24,Card,
Madhav Jani,+913581883330,pari50@example.org,"75, Amble Marg, Baranagar 632155",Delhi,2023-07-10,24K,Standard,707.039,5427.37,3837362.26,4.66,178821.08,3658541.18,Cash,
Shayak Khare,+918083086226,anvikunda@example.com,"H.No. 510, Saini Chowk, Kochi 071748",Maharashtra,2024-03-02,24K,Pure,58.717,5746.45,337414.3,4.7,15858.47,321555.83,UPI,
Jayan Khalsa,+917158468143,ayesharao@example.net,"04, Kashyap Path, Meerut 227249",Maharashtra,2024-08-01,22K,Premium,436.873,5986.6,2615383.9,1.27,33215.38,2582168.52,Bank Transfer,
Amani Hayre,06447108017,ranbir89@example.com,"61/07, Ravi Path, Begusarai-516001",Rajasthan,2024-09-16,22K,Standard,49.522,5272.67,261113.16,4.36,11384.53,249728.63,Cash,
Nirvaan Ravel,09164907866,vshetty@example.org,"32/81, Manne Circle, Aizawl-770111",Rajasthan,2025-02-22,22K,Pure,925.347,6814.01,6305323.71,4.29,270498.39,6034825.32,Bank Transfer,Officiis tempore quibusdam repellendus excepturi ipsa at dolor.
Biju Ramachandran,8066381568,onkar56@example.org,"93/700, Buch Marg, Tadepalligudem-401109",West Bengal,2023-06-20,22K,Premium,968.949,5634.08,5459136.18,0.01,545.91,5458590.27,Bank Transfer,
Jayesh Dass,+918270874361,urvi07@example.org,"80/847, Datta Zila, Dewas 162131",Delhi,2025-02-23,18K,Standard,868.592,6372.62,5535206.75,4.42,244656.14,5290550.61,UPI,
Yasmin Ramaswamy,+915973835748,romil90@example.net,"99/10, Barman Circle, Ramagundam 078142",Karnataka,2023-12-03,18K,Premium,101.884,5283.02,538255.21,3.3,17762.42,520492.79,Cash,
Tarini Kurian,03306501535,taranwali@example.com,"79/56, Srivastava, Nandyal 414707",Andhra Pradesh,2024-03-02,22K,Standard,427.939,5651.48,2418488.7,2.63,63606.25,2354882.45,Card,
Sana Kar,04919578337,lbala@example.net,"H.No. 999, Randhawa Road, Munger 212360",Maharashtra,2024-02-09,24K,Pure,26.545,6489.19,172255.55,0.66,1136.89,171118.66,UPI,
Vritika Solanki,+916455221168,jayeshdayal@example.org,"627, Tailor Ganj, New Delhi 451915",Tamil Nadu,2024-03-17,22K,Premium,7.262,5136.15,37298.72,2.94,1096.58,36202.14,UPI,
Anya Sani,03570718686,aarush07@example.org,"H.No. 849, Sangha Zila, Berhampur 564493",Rajasthan,2023-07-27,24K,Pure,971.52,6776.27,6583281.83,0.44,28966.44,6554315.39,Cash,Id ducimus itaque velit sed.
Rania Venkataraman,+917455132413,samairachatterjee@example.org,"31, Bajaj, Imphal 060573",Gujarat,2024-11-14,22K,Pure,973.09,5349.26,5205311.41,4.42,230074.76,4975236.65,Bank Transfer,
Riaan Chaudhary,09859101124,gokulsood@example.com,"25/54, Bhakta Circle, Kanpur-922931",Andhra Pradesh,2023-10-28,18K,Pure,774.41,6401.58,4957447.57,4.56,226059.61,4731387.96,Bank Transfer,
Alisha Gopal,04497603154,ylal@example.com,"H.No. 953, Gulati Ganj, Phagwara-016240",Karnataka,2024-07-28,24K,Premium,939.864,5430.13,5103583.7,4.61,235275.21,4868308.49,Card,
Shamik Tripathi,00477970659,ujayaraman@example.com,"H.No. 015, Atwal, Madhyamgram 522191",Andhra Pradesh,2024-03-29,24K,Pure,53.796,6951.63,373969.89,0.16,598.35,373371.54,Bank Transfer,
Ela Issac,07445687539,vardaniya79@example.org,"26/918, Chaudhary Street, Mau-592109",Telangana,2023-07-24,22K,Standard,978.694,6354.44,6219052.3,0.88,54727.66,6164324.64,Bank Transfer,
Zoya Manne,8607722190,vvarkey@example.com,"342, Shetty Zila, Amaravati 743710",Rajasthan,2024-11-04,18K,Premium,101.951,5580.93,568981.39,1.91,10867.54,558113.85,Cash,
Vaibhav Chakraborty,8025381394,zachariaindrajit@example.org,"14, Sangha Marg, Chinsurah 772497",Tamil Nadu,2025-03-27,24K,Premium,988.208,6049.21,5977877.72,0.7,41845.14,5936032.58,Cash,
Nakul Krish,0245117418,adira08@example.org,"H.No. 018, Gola Ganj, Panihati-918614",Kerala,2025-03-19,24K,Premium,287.963,6489.33,1868686.93,1.5,28030.3,1840656.63,Bank Transfer,
Vardaniya Goyal,+912482748502,rati07@example.net,"15, Shanker Street, Ghaziabad-035262",Gujarat,2023-07-14,18K,Pure,17.108,5779.19,98870.38,0.95,939.27,97931.11,Bank Transfer,Voluptates illo doloremque possimus.
Nitya Tella,04142685658,pranaymangal@example.com,"57/72, Dutta Chowk, Bellary 256211",Kerala,2024-05-22,22K,Pure,321.808,6963.3,2240845.65,2.58,57813.82,2183031.83,Cash,
Ishaan Sheth,00262692167,pmallick@example.com,"67, Karan Chowk, Avadi 001252",Karnataka,2025-01-19,24K,Premium,734.864,6845.98,5030864.25,0.08,4024.69,5026839.56,UPI,Cupiditate facere tempora corporis.
Tiya Mammen,08779735475,karnikstuvan@example.org,"70/006, Sundaram Street, Bhubaneswar 707017",Gujarat,2023-08-16,22K,Pure,888.674,5704.68,5069600.79,0.65,32952.41,5036648.38,Cash,Fugiat ducimus sequi aliquam.
Vivaan Mangat,+911608503611,krish52@example.net,"53/50, Chaudhary Street, Berhampore-368648",Gujarat,2024-09-25,22K,Standard,920.825,6056.29,5576783.24,4.7,262108.81,5314674.43,Card,
Divit Soman,02818353447,bhavin46@example.org,"785, Hora Marg, Durgapur 305757",Rajasthan,2024-11-18,24K,Pure,401.058,6173.43,2475903.49,2.81,69572.89,2406330.6,Cash,
Aarush Uppal,+910354450793,krishnashanaya@example.org,"25/93, Bath Nagar, Danapur-430749",Rajasthan,2024-12-06,24K,Pure,69.127,6778.43,468572.53,4.05,18977.19,449595.34,Card,
Tejas Thaman,9389076498,kabirwadhwa@example.com,"14/22, Chaudhry Path, Aligarh-464803",Andhra Pradesh,2024-08-09,24K,Standard,301.919,5052.71,1525509.15,3.51,53545.37,1471963.78,Bank Transfer,
Devansh Bali,+919095723302,choudhuryurvi@example.org,"H.No. 09, Mall Road, Rajpur Sonarpur-983394",Maharashtra,2024-04-28,18K,Pure,946.809,5749.84,5444000.26,2.15,117046.01,5326954.25,Card,
Hrishita Shankar,07462943014,riaanarya@example.org,"08/24, Khatri Marg, Avadi-478564",Tamil Nadu,2025-04-13,18K,Standard,721.09,6632.81,4782852.96,0.52,24870.84,4757982.12,Bank Transfer,
Tiya D’Alia,2285161330,sarangokul@example.org,"411, Soni Zila, Sikar-677327",Telangana,2023-10-12,24K,Premium,749.418,6449.97,4833723.62,1.63,78789.7,4754933.92,Card,Deleniti quaerat ducimus illo sint ab voluptate.
Aayush Behl,7707569894,mannatanand@example.com,"80/610, Chokshi, Dindigul 324292",Gujarat,2024-07-23,18K,Pure,417.432,6310.0,2633995.92,3.29,86658.47,2547337.45,Bank Transfer,Ea natus reiciendis neque sunt quis ut.
Vivaan Kohli,09384061262,ishitakhanna@example.net,"87/659, Chaudry Street, Gopalpur-312464",Andhra Pradesh,2025-03-06,22K,Standard,12.976,6538.61,84845.0,0.84,712.7,84132.3,Card,
Tanya Handa,0886468560,kanav86@example.org,"H.No. 593, Srinivas Chowk, Thrissur-441226",Tamil Nadu,2023-12-15,22K,Pure,650.309,6319.53,4109647.23,2.12,87124.52,4022522.71,Cash,
Lakshay Saini,08584021002,priyansh97@example.net,"96/750, Soni Chowk, Bathinda 318778",Gujarat,2024-06-30,24K,Premium,622.586,6159.77,3834986.57,3.07,117734.09,3717252.48,UPI,
Aarush Goyal,9300368446,ramaswamyarmaan@example.org,"99, Jaggi Marg, Danapur 592740",Maharashtra,2024-06-15,24K,Standard,280.469,6834.15,1916767.22,3.53,67661.88,1849105.34,UPI,Est porro quas aut sed.
Vardaniya Bhagat,+916855782860,advikabhattacharyya@example.net,"H.No. 06, Varma Nagar, Kollam 966033",Delhi,2023-06-21,22K,Premium,127.68,6330.67,808299.95,3.47,28048.01,780251.94,UPI,Suscipit cumque sit.
Onkar D’Alia,+913907433393,baiju42@example.net,"H.No. 01, Raman Chowk, Pimpri-Chinchwad-421984",West Bengal,2024-08-14,22K,Pure,647.748,5083.36,3292736.27,4.45,146526.76,3146209.51,Bank Transfer,
Raghav Sidhu,+915059893289,jbajaj@example.org,"65/54, Venkataraman Road, Udupi 134753",Delhi,2023-09-24,24K,Pure,854.599,5405.47,4619509.26,4.71,217578.89,4401930.37,Bank Transfer,
Uthkarsh Kale,+914078029047,atwalpranay@example.org,"H.No. 343, Mand Chowk, Phusro 882939",Tamil Nadu,2024-05-05,18K,Pure,150.088,6172.19,926371.65,1.45,13432.39,912939.26,UPI,
Jiya Badami,4795417166,navya48@example.net,"193, Bhatnagar Circle, Gwalior-141061",Delhi,2024-10-23,22K,Pure,141.033,5580.81,787078.38,4.04,31797.97,755280.41,Bank Transfer,
Lagan Sodhi,05401595971,mishti30@example.com,"H.No. 073, Kalla Ganj, Bhusawal 591340",Karnataka,2023-08-07,18K,Premium,734.728,5685.33,4177171.14,2.22,92733.2,4084437.94,Card,Nam dignissimos sit deserunt.
Devansh Lad,1471446626,mirayasingh@example.org,"H.No. 694, Badami Street, Jaipur-635713",Kerala,2024-11-09,22K,Standard,729.151,5127.36,3738619.67,4.57,170854.92,3567764.75,Cash,Repudiandae corporis ad.
Ishita Chaudhari,4273359971,arnavjhaveri@example.com,"55, Chaudhuri Path, Dindigul 759590",Tamil Nadu,2024-10-04,18K,Premium,96.879,5350.3,518331.71,4.55,23584.09,494747.62,Cash,
Akarsh Desai,+911426650399,elakshimaharaj@example.org,"H.No. 934, Ranganathan Path, Ajmer-176701",Andhra Pradesh,2023-08-14,18K,Pure,315.821,6878.96,2172520.03,3.56,77341.71,2095178.32,Bank Transfer,
Zain Chaudhari,03424195211,gthaker@example.com,"87/560, Iyengar Chowk, Bhilwara 763748",Karnataka,2024-02-02,18K,Standard,554.745,6096.81,3382174.86,2.94,99435.94,3282738.92,UPI,
Shray Hora,05499620889,shraykibe@example.com,"H.No. 47, Biswas Road, Tenali-671411",Gujarat,2024-07-14,18K,Premium,356.2,5829.77,2076564.07,3.76,78078.81,1998485.26,Card,
Shalv Guha,01130258815,heer85@example.com,"62/67, Karan Road, Munger-565398",Rajasthan,2023-06-23,24K,Standard,193.889,5642.5,1094018.68,4.65,50871.87,1043146.81,Bank Transfer,Adipisci minus voluptates laudantium odio.
Nishith Karnik,6673482145,sampathnitya@example.com,"455, Dora Road, Nanded 875337",West Bengal,2024-07-27,22K,Premium,178.341,5189.59,925516.67,1.37,12679.58,912837.09,Cash,Corrupti suscipit laboriosam.
Hazel Comar,03320808902,kartik34@example.net,"71, Varghese Path, Ambattur-252090",West Bengal,2024-05-20,22K,Pure,726.935,5553.61,4037113.49,1.99,80338.56,3956774.93,UPI,
Veer Anne,8666169420,zthaker@example.net,"H.No. 820, Borde, Shivpuri-184455",Gujarat,2024-12-02,18K,Premium,803.44,5995.63,4817128.97,3.73,179678.91,4637450.06,Bank Transfer,
Ehsaan D’Alia,07763377490,thakeraniruddh@example.net,"H.No. 66, Dara Chowk, Ajmer 109796",Maharashtra,2025-01-29,22K,Premium,37.831,6346.65,240100.12,0.88,2112.88,237987.24,Cash,
Kashvi Sarkar,+912190039471,anvi11@example.com,"33/67, Krishnan Path, Shimla-356285",Telangana,2024-12-31,22K,Premium,657.96,5149.45,3388132.12,1.67,56581.81,3331550.31,UPI,Adipisci voluptatibus voluptatem dolorem cum.
Hrishita Mani,01161673746,lallsara@example.com,"21, Mann Circle, Bilaspur-547550",Andhra Pradesh,2024-08-21,18K,Premium,337.205,6303.25,2125487.42,0.79,16791.35,2108696.07,Bank Transfer,
Vaibhav Shere,9525816293,rgara@example.org,"76, Gole Road, Bhiwandi-353140",Gujarat,2025-03-09,24K,Pure,38.666,5973.23,230960.91,1.88,4342.07,226618.84,UPI,
Vardaniya Iyengar,0850203422,irabal@example.net,"H.No. 59, Ravel Chowk, Maheshtala 155939",Tamil Nadu,2024-02-24,24K,Premium,697.083,6946.97,4842614.69,4.28,207263.91,4635350.78,UPI,
Ritvik Sangha,09850559200,detanya@example.org,"05/341, Shan Nagar, Belgaum-394668",Delhi,2024-08-17,18K,Premium,869.524,5358.62,4659448.7,0.31,14444.29,4645004.41,UPI,
Riaan Sandal,06442771308,khushi81@example.com,"H.No. 21, Dass, Medininagar 146692",Delhi,2025-02-17,24K,Standard,182.573,6300.59,1150317.62,0.91,10467.89,1139849.73,UPI,Doloremque aliquid doloremque iusto.
Eva Setty,02592190787,hirandeo@example.net,"H.No. 58, Rastogi Ganj, Etawah-956979",West Bengal,2024-12-29,18K,Premium,599.38,5051.56,3027804.03,2.6,78722.9,2949081.13,Cash,Temporibus officia sit voluptatum ea facilis quibusdam.
Tejas Doshi,+919288991423,divijchana@example.com,"28, Vohra Road, Gandhidham 292658",Karnataka,2023-06-02,18K,Pure,774.967,5055.45,3917806.92,3.25,127328.72,3790478.2,UPI,Dolore assumenda repudiandae consectetur optio suscipit eum qui.
Samiha Acharya,03139348681,adirakrishnamurthy@example.org,"81, Bal Nagar, Bathinda-362168",Kerala,2024-10-14,22K,Standard,316.066,6863.63,2169360.08,0.33,7158.89,2162201.19,Cash,
Kartik Dhar,5129941692,warriorshayak@example.org,"05/875, Balakrishnan Road, Ludhiana-171814",Tamil Nadu,2024-10-16,24K,Premium,357.083,6019.06,2149304.0,4.42,94999.24,2054304.76,UPI,
Saanvi Bains,01665826970,hazel75@example.org,"H.No. 33, Ramanathan Marg, Chennai 507865",Maharashtra,2024-08-19,18K,Premium,862.414,6642.0,5728153.79,3.32,190174.71,5537979.08,Card,
Nirvi Raja,3070747500,tshanker@example.com,"75/64, Bobal Ganj, Panipat-550843",Tamil Nadu,2024-10-17,18K,Premium,451.85,6808.38,3076366.5,3.4,104596.46,2971770.04,Bank Transfer,Atque laudantium omnis nihil minima aliquid voluptatum.
Myra Chander,05128852680,bgopal@example.com,"15/747, Deshpande Zila, Bongaigaon-769492",Kerala,2023-11-08,22K,Premium,445.767,6369.09,2839130.14,4.89,138833.46,2700296.68,Card,
Riya Bera,3484383000,dthakur@example.org,"H.No. 486, Deshmukh Zila, Serampore 243732",Karnataka,2024-07-19,18K,Premium,58.305,6539.77,381301.29,4.18,15938.39,365362.9,UPI,
Siya Ramesh,2065177154,dvora@example.net,"H.No. 07, Bala Street, Muzaffarnagar-954895",Telangana,2025-03-20,24K,Pure,237.579,5656.08,1343765.83,0.58,7793.84,1335971.99,Card,Neque aspernatur vel sapiente.
Anaya Comar,01475183502,miraan43@example.com,"41/882, Sinha Road, Silchar-033317",Kerala,2025-01-29,24K,Premium,427.329,6637.07,2836212.49,4.09,116001.09,2720211.4,Bank Transfer,
Tiya Deo,2922237132,talwarseher@example.org,"H.No. 16, Taneja Circle, Jaunpur-835608",Rajasthan,2024-12-07,24K,Premium,807.008,5533.19,4465328.6,2.49,111186.68,4354141.92,Card,
Anay Chada,4209651394,nishithdhar@example.net,"H.No. 84, Khalsa Road, Ramagundam 434587",Rajasthan,2023-12-03,18K,Premium,589.392,6244.48,3680446.56,1.04,38276.64,3642169.92,Cash,Totam assumenda sit.
Nirvaan Randhawa,+919138005423,indrajit92@example.com,"452, Joshi Road, Ambarnath 857963",Maharashtra,2024-12-29,24K,Standard,441.215,5726.93,2526807.42,3.7,93491.87,2433315.55,Card,
Lakshay Setty,02227312979,biju02@example.org,"H.No. 274, Deo Nagar, Burhanpur 959819",Kerala,2024-09-19,24K,Standard,321.573,5752.64,1849893.7,2.46,45507.39,1804386.31,Card,Ea autem ab atque id ipsum.
Taimur Mani,01824633344,jhanvi53@example.com,"18, Kade Marg, Tezpur-955997",Telangana,2023-12-26,18K,Premium,819.024,6194.06,5073083.8,0.92,46672.37,5026411.43,UPI,
Kashvi Upadhyay,+918018695108,alishahayre@example.org,"38, Baral Road, Eluru 999990",Kerala,2023-08-18,18K,Premium,226.726,5041.69,1143082.21,0.92,10516.36,1132565.85,Bank Transfer,
Elakshi Bail,+919422719236,rsastry@example.net,"H.No. 14, Vyas Ganj, Allahabad-682421",Telangana,2023-12-09,24K,Standard,223.76,5691.23,1273469.62,3.72,47373.07,1226096.55,Card,
Miraan Arya,9597888001,jainbaiju@example.net,"68/430, Jani Path, Thiruvananthapuram 516787",Andhra Pradesh,2023-12-16,24K,Pure,389.139,5965.06,2321237.48,4.23,98188.35,2223049.13,UPI,
Darshit Badal,1258077841,crao@example.net,"H.No. 94, Keer Street, Gulbarga 661195",Maharashtra,2024-07-17,24K,Pure,160.735,6737.86,1083009.93,1.71,18519.47,1064490.46,UPI,
Farhan Sahni,00916789154,singhdishani@example.org,"H.No. 300, Bose Marg, Srinagar-080732",Kerala,2024-02-27,22K,Premium,133.455,6944.52,926780.92,1.64,15199.21,911581.71,UPI,
Ritvik Ranganathan,01123640550,hansh85@example.net,"98/23, Subramanian Path, Ulhasnagar-301619",Rajasthan,2025-01-31,18K,Pure,692.744,6848.49,4744250.36,1.15,54558.88,4689691.48,UPI,Nihil et ea tenetur.
Anaya Ahluwalia,8087471102,badamieshani@example.org,"43/005, Borde Chowk, Panipat-095412",Tamil Nadu,2024-12-17,18K,Premium,786.203,5525.22,4343944.54,3.2,139006.23,4204938.31,UPI,
Dhruv Madan,+910098758495,samarkalita@example.net,"253, Acharya Nagar, Maheshtala 557186",Maharashtra,2024-05-01,22K,Premium,655.786,6279.68,4118126.23,0.18,7412.63,4110713.6,Card,
Suhana Saini,+917613442242,cdewan@example.net,"H.No. 842, Desai Chowk, Dewas-972902",Telangana,2024-11-26,18K,Pure,228.009,5889.49,1342856.73,0.25,3357.14,1339499.59,Card,
Jivin Ramesh,+915342402418,fateh85@example.net,"55, Desai Circle, Pondicherry 181669",Maharashtra,2023-11-07,22K,Premium,428.457,5624.2,2409727.86,4.52,108919.7,2300808.16,Bank Transfer,
Azad Vig,+913231900579,vanyatripathi@example.net,"63/14, Atwal Nagar, South Dumdum-232218",West Bengal,2025-03-24,22K,Pure,596.668,6088.17,3632616.22,0.77,27971.14,3604645.08,Bank Transfer,Voluptate voluptates earum voluptatum.
Chirag Chaudhary,6742443441,thakkaraniruddh@example.org,"43, Sule Street, Pudukkottai 299702",Gujarat,2025-01-27,22K,Premium,222.402,5063.44,1126119.18,2.13,23986.34,1102132.84,Card,
Heer Wable,3478887508,hgulati@example.net,"785, Bora, Jorhat-507077",Rajasthan,2024-08-09,22K,Pure,926.693,5343.12,4951431.9,3.0,148542.96,4802888.94,Bank Transfer,
Zain Varghese,8848955409,rohan06@example.com,"98/362, Ramachandran Ganj, Mathura-735846",Andhra Pradesh,2024-04-11,18K,Standard,165.35,6644.96,1098744.14,1.74,19118.15,1079625.99,Cash,Quibusdam sit laborum distinctio quasi reiciendis praesentium vitae.
Emir Balan,01859220164,mehulgarg@example.net,"627, Bakshi Street, Phusro-740660",Kerala,2023-06-15,24K,Standard,975.672,6694.13,6531275.21,0.17,11103.17,6520172.04,Card,
Mehul Thakkar,01412011894,eva58@example.org,"57/85, Sood Path, Vasai-Virar-063410",West Bengal,2025-04-30,24K,Premium,952.344,6108.41,5817307.61,1.55,90168.27,5727139.34,UPI,Itaque cupiditate voluptate pariatur ipsum libero.
Aaryahi Vasa,+914883251000,kanavganguly@example.com,"61/247, Kothari Street, Eluru 932978",Gujarat,2024-06-15,22K,Premium,304.817,5288.48,1612018.61,0.52,8382.5,1603636.11,Bank Transfer,
Abram Ramesh,0968008929,tankvedika@example.org,"36/80, Goswami Zila, Sambhal 980176",Kerala,2024-06-03,18K,Pure,361.179,5526.82,1996171.32,0.78,15570.14,1980601.18,UPI,Perspiciatis esse corporis.
Neysa Keer,4423326392,shettyraghav@example.org,"79, Bumb Zila, Khandwa-477450",Andhra Pradesh,2024-12-06,24K,Standard,1.923,6062.9,11658.96,4.71,549.14,11109.82,Card,
Pranay Bali,6407134319,sandalpihu@example.com,"705, Deo Chowk, Raichur 698136",West Bengal,2024-07-08,24K,Standard,400.828,6413.83,2570842.65,4.6,118258.76,2452583.89,UPI,
Zoya Raju,+919657083047,nayantaraarya@example.com,"31/38, Walia Marg, Jaipur-681940",Andhra Pradesh,2023-07-03,24K,Pure,946.63,6105.09,5779261.35,2.98,172221.99,5607039.36,UPI,
Lagan Sethi,6100698058,andrahiran@example.com,"H.No. 516, Chhabra Ganj, Tezpur-507753",Kerala,2023-11-30,18K,Pure,154.729,6239.66,965456.35,2.95,28480.96,936975.39,UPI,
Alisha Bobal,04090332824,prisha60@example.com,"09, Sant Marg, Bhilai-693828",Rajasthan,2024-02-16,22K,Standard,432.214,5044.58,2180338.1,0.82,17878.77,2162459.33,Card,Omnis omnis quis hic.
Samiha Bajaj,01931166295,lagandivan@example.com,"48/182, Sawhney, Bidhannagar 965096",Tamil Nadu,2024-09-07,18K,Standard,615.914,5329.74,3282661.48,1.25,41033.27,3241628.21,Cash,
Hansh Dua,06628368909,gangulypranay@example.net,"18/803, Anne, Karnal-863389",Andhra Pradesh,2024-05-21,22K,Pure,864.823,6169.41,5335447.66,3.26,173935.59,5161512.07,Bank Transfer,Doloremque voluptas at voluptatum aspernatur omnis perspiciatis enim.
Nishith Sura,+915333962043,kanavdhar@example.org,"34/43, Sama Chowk, Burhanpur 520727",Andhra Pradesh,2024-09-17,22K,Premium,836.225,5078.66,4246902.46,4.94,209796.98,4037105.48,UPI,
Vanya Dhar,+910471274073,daraadira@example.net,"H.No. 89, Edwin Zila, Vijayawada 744439",Andhra Pradesh,2024-08-28,18K,Premium,169.144,6778.2,1146491.86,0.19,2178.33,1144313.53,Bank Transfer,
Jivika Shanker,+910426122182,tiyasubramanian@example.net,"92, Sama Ganj, Tadepalligudem-194265",Maharashtra,2024-01-16,18K,Standard,272.72,5539.7,1510786.98,3.13,47287.63,1463499.35,Cash,
Jayan Swaminathan,3784196727,chahalmohanlal@example.com,"93/02, Baria Marg, Kanpur-629983",Andhra Pradesh,2024-10-30,22K,Pure,276.047,5127.03,1415301.25,2.12,30004.39,1385296.86,Bank Transfer,
Bhavin Shenoy,06841243521,rohan49@example.net,"633, Sankar Ganj, Mau-783640",Gujarat,2023-07-19,24K,Standard,662.848,6920.62,4587319.13,3.18,145876.75,4441442.38,Bank Transfer,
Devansh Devi,0429277643,salvisuhana@example.com,"H.No. 447, Rana Chowk, Haldia-950779",Andhra Pradesh,2024-09-15,22K,Premium,255.981,5399.92,1382276.92,3.7,51144.25,1331132.67,Cash,
Adah Sandhu,00494374103,anay25@example.net,"327, Ganesh Street, Singrauli 546073",Tamil Nadu,2024-01-11,24K,Premium,368.982,6791.9,2506088.85,0.53,13282.27,2492806.58,Card,
Oorja Buch,06637305920,mehul87@example.org,"H.No. 96, Swamy Path, Ulhasnagar 427248",West Bengal,2024-02-01,24K,Standard,428.558,5777.47,2475980.99,4.85,120085.08,2355895.91,Card,
Nayantara Madan,2173655573,zyogi@example.net,"H.No. 381, Karnik Circle, Burhanpur-215470",Maharashtra,2023-07-09,24K,Premium,60.514,6124.13,370595.6,0.59,2186.51,368409.09,Bank Transfer,
Rania Cheema,08298280101,divij33@example.org,"H.No. 308, Kara Chowk, Coimbatore-619040",Tamil Nadu,2023-12-11,22K,Premium,767.099,5164.59,3961751.82,0.5,19808.76,3941943.06,Card,
Reyansh Chand,+910597986579,garaela@example.com,"H.No. 265, Verma Ganj, Ahmedabad-086936",West Bengal,2025-04-25,22K,Premium,187.428,5521.13,1034814.35,0.72,7450.66,1027363.69,Card,
Shray Sood,07543860794,csha@example.net,"909, Kanda Circle, Navi Mumbai-313908",Delhi,2025-03-22,18K,Pure,929.684,6212.64,5775792.01,2.25,129955.32,5645836.69,Bank Transfer,
Diya Verma,2211288107,devanneysa@example.net,"H.No. 89, Sani Path, Tirupati 783060",Andhra Pradesh,2025-03-02,24K,Pure,676.983,6538.26,4426290.87,2.82,124821.4,4301469.47,UPI,
Anahi Kamdar,+916699364254,djoshi@example.com,"11/917, Dada Road, Alappuzha-468671",Maharashtra,2023-10-26,22K,Pure,922.791,6807.8,6282176.57,2.69,168990.55,6113186.02,Cash,
Samar Gulati,7774989109,jayantmammen@example.com,"212, Sachar Road, Karimnagar 505197",Maharashtra,2024-01-18,24K,Pure,324.459,6725.04,2181999.75,3.44,75060.79,2106938.96,Bank Transfer,Enim id aliquam.
Azad Koshy,+916812319358,routkiara@example.com,"53, Ram Circle, Jalgaon-257087",Telangana,2024-04-18,24K,Premium,31.295,5917.71,185194.73,1.69,3129.79,182064.94,Cash,
Piya Jain,8685815837,ahana-kalla@example.net,"96/776, Kohli Zila, Gandhidham-880566",Gujarat,2024-10-12,18K,Premium,619.332,5915.13,3663429.29,1.6,58614.87,3604814.42,Card,
Drishya Ray,7920237727,shamikkalita@example.net,"87/89, Jaggi Ganj, Bhilai-367054",Karnataka,2023-10-18,24K,Pure,924.838,5778.5,5344176.38,3.89,207888.46,5136287.92,UPI,
Ivana Sinha,03645818772,wshetty@example.net,"09, Sanghvi Marg, Anand 615671",West Bengal,2025-03-03,18K,Pure,424.406,6408.31,2719725.21,4.46,121299.74,2598425.47,Bank Transfer,
Yashvi Ramesh,+915380330992,bajajishaan@example.net,"H.No. 856, Sastry Path, Mirzapur-324363",Delhi,2024-01-15,18K,Premium,316.839,6505.23,2061110.57,3.3,68016.65,1993093.92,UPI,Voluptas reprehenderit aut blanditiis beatae deleniti sequi ea.
Jivika Devi,06291401602,divit34@example.org,"68, Setty Ganj, Imphal 805612",Kerala,2024-09-05,24K,Pure,537.273,6566.01,3527739.89,0.97,34219.08,3493520.81,UPI,Sunt cum tempora distinctio assumenda quam.
Uthkarsh Sabharwal,8858158587,indranslata@example.net,"05/34, Bala Marg, Kumbakonam-988204",Delhi,2023-10-22,22K,Pure,105.96,5612.38,594687.78,2.47,14688.79,579998.99,Cash,
Ela Ray,06130061127,rajansahil@example.com,"H.No. 59, Kata Circle, Anantapur-406275",Maharashtra,2023-08-26,18K,Standard,49.602,6645.91,329650.43,3.44,11339.97,318310.46,Card,
Samaira Keer,+915392560442,buchnirvaan@example.net,"23/200, Ramachandran Circle, Mangalore 720653",Maharashtra,2025-01-02,22K,Standard,856.935,5031.67,4311814.13,0.55,23714.98,4288099.15,Bank Transfer,
Shayak Yohannan,01306312321,indrans29@example.com,"H.No. 176, Dutta Marg, Gwalior-321639",Telangana,2024-03-07,24K,Premium,170.074,6071.82,1032658.71,4.91,50703.54,981955.17,Cash,
Jivika Sanghvi,5420571058,aayushchandra@example.org,"H.No. 911, Sen Nagar, Bhavnagar 771030",Gujarat,2025-03-15,18K,Standard,960.638,6836.42,6567324.84,0.84,55165.53,6512159.31,Card,
Tiya Borah,02919571730,emir42@example.com,"90/621, Dada Circle, Bhimavaram 409313",Maharashtra,2024-06-15,24K,Standard,563.401,6670.91,3758397.36,1.21,45476.61,3712920.75,Card,
Drishya Bahri,2722699504,pbuch@example.net,"816, Vohra Nagar, Firozabad-158166",Karnataka,2025-02-11,24K,Premium,618.998,6884.25,4261336.98,2.75,117186.77,4144150.21,Cash,
Tanya Bhandari,5681618114,aniruddhshetty@example.com,"H.No. 30, Dua Circle, Khora -198493",Telangana,2025-02-07,18K,Premium,434.842,5367.25,2333905.72,2.78,64882.58,2269023.14,Bank Transfer,
Rohan Bassi,01760488843,stuvan21@example.com,"25/682, Kari Road, Sambalpur 718993",Kerala,2024-05-14,18K,Standard,414.26,5348.63,2215723.46,3.22,71346.3,2144377.16,Bank Transfer,Deserunt animi itaque esse iste eos.
Mohanlal Soman,0526691076,sumerbhatti@example.org,"61, Gara Zila, Ballia-238952",Tamil Nadu,2024-09-05,22K,Standard,73.218,6106.75,447124.02,2.05,9166.04,437957.98,Card,Cum enim pariatur distinctio.
Hiran Barad,07251691840,latazaina@example.net,"H.No. 710, Das Zila, Rajkot-339965",Tamil Nadu,2024-08-30,18K,Pure,603.215,6332.39,3819792.63,2.94,112301.9,3707490.73,Bank Transfer,
Ryan Chanda,8178393027,soodfateh@example.org,"041, Kale Chowk, Bongaigaon 172931",Maharashtra,2024-07-27,22K,Standard,516.975,5514.16,2850682.87,4.75,135407.44,2715275.43,UPI,
Samaira Jain,+913744088662,vaibhavupadhyay@example.net,"H.No. 089, Kumer, Panipat-552398",Maharashtra,2025-05-19,24K,Standard,466.031,6450.22,3006002.48,0.26,7815.61,2998186.87,Bank Transfer,
Ojas Ghosh,+911548919613,amani59@example.com,"H.No. 445, Rao Zila, Faridabad 165562",Kerala,2024-07-14,22K,Standard,424.349,6440.86,2733172.5,0.63,17218.99,2715953.51,Card,
Dishani Mandal,06901412263,faiyaz28@example.com,"93/45, Garg Road, Bathinda-339848",Telangana,2024-12-25,18K,Standard,455.113,5260.54,2394140.14,0.93,22265.5,2371874.64,Card,
Abram Sehgal,6519983951,imahal@example.com,"H.No. 30, Char Marg, Secunderabad-910703",Kerala,2025-02-24,24K,Standard,824.49,6324.64,5214602.43,2.29,119414.4,5095188.03,Bank Transfer,Deserunt soluta distinctio sapiente.
Myra Swamy,+913819459030,somela@example.com,"78/902, Kara Chowk, Buxar-256423",Karnataka,2025-03-31,18K,Standard,281.961,6881.98,1940449.96,1.38,26778.21,1913671.75,Card,Ut illum vero cum odit autem officia.
Ivan Taneja,0547969730,devanshwagle@example.org,"35/03, Gour Circle, Etawah-936859",Delhi,2024-05-04,22K,Premium,907.899,5509.74,5002287.44,0.85,42519.44,4959768.0,Card,
Sana Mall,09841489803,rattatara@example.com,"43, Khare Path, Latur-938100",West Bengal,2024-12-24,18K,Premium,791.824,6632.76,5251978.55,0.24,12604.75,5239373.8,Bank Transfer,
Vritika Doctor,+912841734406,bhaktahunar@example.net,"368, Deo Road, Kishanganj-672267",Karnataka,2025-04-05,24K,Pure,901.125,6466.36,5826998.65,1.84,107216.78,5719781.87,Bank Transfer,
Shaan Kapadia,9112209969,surifateh@example.net,"198, Kunda Ganj, Dharmavaram 057244",Kerala,2023-07-13,22K,Standard,505.578,6467.69,3269921.77,1.87,61147.54,3208774.23,UPI,
Vidur Shah,6925110950,vidurbala@example.org,"836, Varughese Chowk, Maheshtala-154842",Kerala,2023-11-21,18K,Premium,902.274,5353.87,4830657.7,1.78,85985.71,4744671.99,Card,
Manjari Brar,+918811405396,balantaran@example.net,"H.No. 88, Anand Chowk, Kumbakonam-279029",Telangana,2024-05-05,22K,Premium,80.042,6776.78,542427.02,4.78,25928.01,516499.01,Bank Transfer,Itaque ipsam cumque commodi doloribus fugiat.
Samiha Khalsa,+916633100130,rhegde@example.net,"45/46, Bhandari Nagar, Guntakal 899141",Karnataka,2025-03-30,18K,Standard,536.253,5023.28,2693748.97,4.24,114214.96,2579534.01,Cash,
Divij Saran,+914088983579,bkeer@example.net,"87/188, Tank Road, Amritsar 563445",Andhra Pradesh,2025-01-21,24K,Standard,392.643,6847.88,2688772.15,1.24,33340.77,2655431.38,Bank Transfer,
Ranbir Saran,02581581612,ulad@example.org,"120, D’Alia Marg, Gulbarga 097127",Kerala,2024-06-22,18K,Premium,160.624,6997.99,1124045.15,0.65,7306.29,1116738.86,UPI,
Trisha Rao,+918537249870,drishya51@example.org,"H.No. 336, Bhasin Road, Jamshedpur 738276",Karnataka,2025-02-16,22K,Premium,957.127,5754.02,5507327.9,1.27,69943.06,5437384.84,UPI,Odio occaecati ab recusandae.
Divij Kale,5239214151,vyastrisha@example.org,"80, Sha Circle, Morena-513634",Maharashtra,2023-12-02,18K,Premium,697.104,5468.84,3812350.24,2.04,77771.94,3734578.3,UPI,
Sana Kari,+918013779168,adiraagate@example.net,"22/64, Bir Path, Dehradun-368660",Karnataka,2023-12-02,24K,Standard,101.935,6838.02,697033.57,0.18,1254.66,695778.91,Bank Transfer,
Ivan Khurana,08778925104,jivika31@example.org,"H.No. 10, Chaudry Street, Karnal 158303",Delhi,2024-07-18,22K,Premium,360.726,5968.38,2152949.84,3.7,79659.14,2073290.7,Card,
Tushar Sandal,01659088865,shamikbedi@example.org,"13, Dhar Chowk, Sasaram-972580",Tamil Nadu,2024-03-01,24K,Premium,160.062,6847.4,1096008.54,2.81,30797.84,1065210.7,UPI,Quis ea cum.
Kiara Sandal,06754413998,gmallick@example.com,"H.No. 962, Khatri Zila, Muzaffarpur-383187",West Bengal,2024-07-27,22K,Standard,137.727,5821.81,801820.43,2.93,23493.34,778327.09,Bank Transfer,Accusantium incidunt sint itaque quidem.
Jiya Tella,04920177847,kuruvillafaiyaz@example.net,"H.No. 572, Sem Circle, Hubli–Dharwad 582992",Telangana,2023-12-12,24K,Premium,798.528,6234.3,4978263.11,1.58,78656.56,4899606.55,Bank Transfer,
Badal Sahni,5343917200,amira68@example.net,"08, Bahri Chowk, Agra-397237",West Bengal,2024-08-12,22K,Premium,743.971,6648.49,4946283.75,2.88,142452.97,4803830.78,UPI,
Jayesh Dutta,9624965350,ishitachaudhary@example.com,"391, Saxena Marg, Malda-684394",Delhi,2024-07-15,22K,Standard,456.388,6416.29,2928317.76,1.93,56516.53,2871801.23,Cash,Distinctio repellat numquam voluptatibus sed.
Trisha Savant,7228560490,sbansal@example.com,"83/42, Barad Path, Hindupur-467812",Delhi,2025-05-05,22K,Pure,410.841,6745.67,2771397.81,0.77,21339.76,2750058.05,UPI,Soluta accusantium vitae perferendis.
Prerak Jayaraman,5570591201,nitya01@example.net,"H.No. 216, Raval Circle, Bharatpur-261415",Delhi,2024-04-25,22K,Pure,375.657,5155.56,1936722.2,0.2,3873.44,1932848.76,UPI,Repellat minima hic harum neque.
Samaira Chaudhary,7064611523,thakerarhaan@example.org,"764, Deep Marg, Mira-Bhayandar-987060",Andhra Pradesh,2025-01-31,18K,Premium,938.386,5277.23,4952078.75,1.41,69824.31,4882254.44,Card,
Kimaya Sahota,02417345361,ivana96@example.org,"58, Chowdhury Ganj, Raichur-634907",Karnataka,2023-09-07,22K,Pure,893.382,5595.05,4998516.96,4.97,248426.29,4750090.67,Bank Transfer,
Rati Bhat,+916408345965,ekothari@example.com,"H.No. 506, Gupta Chowk, Coimbatore-209502",Kerala,2024-04-05,24K,Premium,505.39,6078.3,3071912.04,2.03,62359.81,3009552.23,Bank Transfer,
Zara Baral,+916502292192,uthkarsh66@example.org,"35/513, Wali, Aligarh 248476",Delhi,2025-01-21,22K,Pure,941.579,5847.34,5505732.55,3.7,203712.1,5302020.45,Bank Transfer,
Jhanvi Bhagat,+914615530309,yogibiju@example.org,"H.No. 73, Varty Path, Panchkula 056021",Rajasthan,2024-06-05,18K,Premium,851.834,5260.56,4481123.87,3.3,147877.09,4333246.78,UPI,Aut unde odit iste maxime.
Renee Bawa,02530458694,sanabhavsar@example.net,"158, Johal Street, Bhilai 572926",Karnataka,2024-12-18,24K,Pure,851.747,5969.21,5084256.71,0.94,47792.01,5036464.7,UPI,
Elakshi Khurana,8998590440,bobalritvik@example.com,"60/104, Verma, Narasaraopet 886841",Andhra Pradesh,2023-09-23,18K,Standard,589.782,5454.53,3216983.61,0.69,22197.19,3194786.42,UPI,Quo non ducimus magnam deserunt.
Aradhya Dass,2683591636,vidurbhavsar@example.com,"230, Virk Road, Rampur 788729",Tamil Nadu,2024-03-25,22K,Pure,148.799,6412.0,954099.19,0.42,4007.22,950091.97,Bank Transfer,
Gatik Dalal,09343181943,mohanlal88@example.com,"41/30, Sethi Chowk, Karawal Nagar-793239",Rajasthan,2023-12-18,24K,Premium,931.316,6628.02,6172781.07,1.72,106171.83,6066609.24,Bank Transfer,
Advik Kanda,+918978073552,kapadiaela@example.org,"78/253, Ramakrishnan Nagar, Guntur 989769",Tamil Nadu,2023-09-08,18K,Pure,183.298,6221.18,1140329.85,2.86,32613.43,1107716.42,Bank Transfer,
Hazel Sood,09716641831,amani54@example.net,"59/63, Roy Circle, Amravati 724416",Maharashtra,2023-10-10,24K,Pure,736.455,6122.2,4508724.8,3.78,170429.8,4338295.0,UPI,
Mahika Lall,07966355586,lakshay70@example.org,"H.No. 65, Saran Zila, Katni 218815",Karnataka,2025-05-14,24K,Pure,505.522,6415.33,3243090.45,1.75,56754.08,3186336.37,UPI,
Samarth Chauhan,02990107595,agrawaltejas@example.org,"74, Sangha Road, Kadapa 243095",Karnataka,2024-08-02,22K,Premium,411.241,5272.44,2168243.5,1.3,28187.17,2140056.33,Card,
Madhav Devan,+910709377494,miraan26@example.org,"H.No. 38, Ganguly Zila, Belgaum-650546",West Bengal,2023-08-07,24K,Pure,67.601,5300.18,358297.47,0.8,2866.38,355431.09,Card,Doloribus atque consequatur aliquid quas.
Kiaan Kohli,5761320916,rohan46@example.com,"H.No. 23, Saraf Street, Tiruchirappalli-972571",Telangana,2023-11-02,22K,Pure,707.606,5414.54,3831360.99,1.18,45210.06,3786150.93,Cash,
Biju Kalita,07469222512,vritikasunder@example.net,"27, Bhagat Ganj, Fatehpur-633727",Maharashtra,2023-07-29,18K,Pure,228.231,6543.95,1493532.25,3.3,49286.56,1444245.69,Bank Transfer,Illo reprehenderit saepe fuga non accusantium deserunt.
Sana Bava,02296427319,shroffjhanvi@example.com,"19/367, Maharaj Circle, Barasat 949908",Tamil Nadu,2025-03-09,24K,Pure,167.298,6406.22,1071747.79,4.46,47799.95,1023947.84,Cash,
Hunar Khosla,+914632128667,mannattaneja@example.org,"18/17, Kaul Road, Haridwar 401552",Gujarat,2023-10-13,24K,Premium,457.087,5152.99,2355364.74,2.62,61710.56,2293654.18,UPI,
Romil Acharya,3961443762,agupta@example.org,"H.No. 224, Banik Ganj, Bahraich 273286",West Bengal,2025-04-25,24K,Pure,89.245,5342.55,476795.87,4.78,22790.84,454005.03,Bank Transfer,
Samiha Ravi,9748356225,zaindave@example.org,"30/110, Kota Marg, Panvel 035187",Telangana,2025-01-22,18K,Pure,405.254,6851.17,2776464.05,0.67,18602.31,2757861.74,Card,
Kavya Deo,2992369544,karanhunar@example.net,"722, Date Nagar, Kavali 435028",West Bengal,2023-06-07,18K,Pure,884.111,5885.95,5203833.14,4.0,208153.33,4995679.81,Card,
Seher Jaggi,6703645681,yuvaanbir@example.com,"99/71, Sen Road, Kolkata-645407",Kerala,2024-09-23,18K,Standard,258.421,6770.87,1749735.0,3.26,57041.36,1692693.64,Bank Transfer,
Abram Sahota,06423764424,nakul63@example.com,"98/350, Kadakia Zila, Noida 662677",Kerala,2024-11-30,18K,Standard,704.304,6330.0,4458244.32,1.63,72669.38,4385574.94,Bank Transfer,
Nayantara Basu,+917073430650,chandaanay@example.com,"756, Dora Street, Uluberia 047750",Gujarat,2023-10-28,18K,Pure,703.115,6716.7,4722612.52,4.03,190321.28,4532291.24,Card,Iure voluptates repellendus fugit minima.
Nehmat Ranganathan,4070966172,bravel@example.com,"44, Garg Circle, Miryalaguda 044649",Gujarat,2024-04-11,18K,Standard,605.5,6500.76,3936210.18,1.38,54319.7,3881890.48,Cash,
Tarini Sachdeva,03789892562,sinhaishaan@example.com,"H.No. 33, Viswanathan Road, Singrauli 607800",West Bengal,2023-07-03,18K,Pure,616.819,5917.8,3650211.48,1.43,52198.02,3598013.46,Cash,Corrupti mollitia beatae ducimus esse.
Rati Devan,+911687801239,cherianivan@example.com,"17/180, Rau Nagar, Bijapur-962566",Kerala,2023-11-19,18K,Standard,644.889,6706.21,4324761.06,1.11,48004.85,4276756.21,Cash,
Suhana Shere,+914137051689,priyansh71@example.org,"89/556, Raval Chowk, Raurkela Industrial Township-955111",Karnataka,2025-03-12,18K,Premium,416.032,6722.63,2796829.2,4.58,128094.78,2668734.42,Bank Transfer,Repellat eum impedit pariatur dolorum.
Taran Chopra,8833573001,surishaan@example.org,"542, Char Ganj, Delhi 665103",Maharashtra,2023-09-16,24K,Standard,725.675,5360.92,3890285.62,1.58,61466.51,3828819.11,Cash,
Azad Walla,1668651922,adiraranganathan@example.com,"H.No. 004, Uppal, Raipur-592457",Telangana,2023-08-12,24K,Pure,996.478,5821.14,5800637.94,3.57,207082.77,5593555.17,Cash,Quos facilis similique praesentium.
Advika Baria,2277161847,aryaaarush@example.com,"63/51, Chakrabarti Circle, Mangalore 344986",Karnataka,2024-10-03,24K,Premium,332.774,5487.82,1826203.81,2.79,50951.09,1775252.72,Cash,Vitae reiciendis nostrum doloribus.
Arnav Char,+916340781835,bariajayan@example.net,"H.No. 851, Vasa Circle, Dindigul 513741",Tamil Nadu,2023-09-13,24K,Pure,636.361,6100.85,3882343.01,2.63,102105.62,3780237.39,Bank Transfer,
Saksham Chaudry,1689735558,kaladhanush@example.net,"50, Sridhar Marg, Mysore-408547",Andhra Pradesh,2024-06-28,24K,Standard,608.039,6079.11,3696335.97,2.04,75405.25,3620930.72,Bank Transfer,
Dhanuk Wali,9880957478,ivana40@example.org,"69, Chandran Zila, Faridabad-907390",Andhra Pradesh,2024-02-20,18K,Premium,902.693,6192.36,5589800.03,3.67,205145.66,5384654.37,Card,
Riya Basak,7222915611,trishadhingra@example.net,"H.No. 269, Kapadia Nagar, Salem-231847",Tamil Nadu,2025-05-29,24K,Standard,837.624,6958.55,5828648.49,3.65,212745.67,5615902.82,Bank Transfer,
Azad Kanda,+910613289281,vigrania@example.net,"20/03, Roy Street, Varanasi 621900",Rajasthan,2024-12-18,18K,Pure,198.188,5198.6,1030300.14,0.16,1648.48,1028651.66,Card,
Emir Vora,+918481085423,kiaan85@example.net,"33/58, Aggarwal Ganj, Gulbarga 711203",Tamil Nadu,2024-06-23,22K,Standard,92.599,5368.46,497114.03,0.59,2932.97,494181.06,Bank Transfer,
Ranbir Barad,03860061770,vanya23@example.net,"H.No. 511, Solanki Nagar, Durgapur-432011",Maharashtra,2024-07-23,22K,Pure,559.608,5017.42,2807788.37,4.92,138143.19,2669645.18,UPI,
Ivan Kamdar,02062629923,aayush22@example.org,"H.No. 99, Mandal Path, Ichalkaranji 725320",Karnataka,2024-01-20,24K,Premium,723.514,5406.11,3911396.27,4.54,177577.39,3733818.88,Bank Transfer,Nulla eum corporis tenetur occaecati.
Jiya Chana,09862157665,aaryahikulkarni@example.net,"90/54, Srinivasan Circle, Vijayanagaram-352814",Karnataka,2024-03-25,24K,Pure,460.923,6934.54,3196288.98,1.53,48903.22,3147385.76,Bank Transfer,Accusamus a quisquam.
Romil Bail,7913127189,yuvraj-42@example.com,"78/56, Agate Road, Bijapur 301602",Andhra Pradesh,2023-11-15,18K,Premium,554.101,6033.02,3342902.42,3.91,130707.48,3212194.94,Cash,
Drishya Thakkar,01053693964,rania78@example.org,"49, Chadha Nagar, Vadodara-749041",Maharashtra,2023-11-08,18K,Pure,67.988,5774.05,392566.11,2.16,8479.43,384086.68,UPI,
Sumer Vohra,1504784086,mbalakrishnan@example.com,"591, Bhatt Ganj, Buxar-334291",Rajasthan,2024-04-03,24K,Pure,523.022,6331.43,3311477.18,2.1,69541.02,3241936.16,Cash,
Ela Khare,+919418738511,daracharvi@example.net,"05/86, Singhal Circle, Berhampur 264743",Tamil Nadu,2023-09-08,24K,Pure,93.459,5899.57,551367.91,3.38,18636.24,532731.67,Bank Transfer,Veniam at molestiae non dolorum sapiente dolores.
Indrans Deep,+910262253596,gatik52@example.net,"51/38, Halder Marg, Tezpur-539741",Rajasthan,2024-06-03,24K,Pure,755.371,6987.57,5278207.74,0.52,27446.68,5250761.06,UPI,Maxime occaecati non cumque impedit dicta aperiam alias.
Armaan Gill,05621792345,dishanibobal@example.org,"69/273, Sahota Chowk, Indore 002892",Andhra Pradesh,2024-11-24,18K,Premium,599.005,5320.45,3186976.15,0.59,18803.16,3168172.99,Bank Transfer,
Yasmin Sant,3034210618,tbatta@example.com,"33/22, Mannan Road, Haridwar-880795",Rajasthan,2025-03-17,18K,Standard,553.672,5489.17,3039199.73,0.74,22490.08,3016709.65,Bank Transfer,
Jiya Ramesh,+918002633377,lokealisha@example.org,"25/00, Divan Path, Thrissur-054948",Telangana,2025-05-09,24K,Pure,194.545,5481.48,1066394.53,3.99,42549.14,1023845.39,Cash,
Sana Saran,8445184899,kalatara@example.org,"H.No. 779, Kade Zila, Ujjain 400489",Telangana,2024-05-03,22K,Standard,537.992,6863.32,3692411.25,1.59,58709.34,3633701.91,Cash,
Jivin Bobal,7766939536,pgokhale@example.org,"H.No. 945, Golla Ganj, Mau 989031",Karnataka,2024-01-28,24K,Premium,937.545,6803.96,6379018.68,4.17,266005.08,6113013.6,Bank Transfer,
Riya Jayaraman,06297091291,raunakchowdhury@example.net,"32/10, Kibe Road, Nagercoil 614304",Andhra Pradesh,2025-03-24,24K,Standard,972.017,6653.21,6467033.22,3.02,195304.4,6271728.82,UPI,
Dhanush Korpal,03636687969,smahal@example.org,"57, Saran Chowk, Gwalior 436456",Gujarat,2023-08-30,18K,Standard,885.779,5952.56,5272652.64,3.55,187179.17,5085473.47,Cash,
Divyansh Mannan,+918149234547,fbanerjee@example.org,"37/875, Savant Nagar, Phagwara-100645",Kerala,2024-09-09,24K,Premium,385.315,6184.78,2383088.51,0.51,12153.75,2370934.76,UPI,
Madhup Upadhyay,05279513595,ivanwalla@example.com,"35/022, Khatri Zila, Pondicherry 727050",Telangana,2024-03-10,22K,Premium,951.189,6714.57,6386825.12,2.0,127736.5,6259088.62,UPI,
Farhan Konda,0510620050,fbarman@example.org,"172, Din Road, Raebareli-954886",Karnataka,2025-02-24,18K,Pure,645.107,5193.14,3350130.97,2.48,83083.25,3267047.72,Cash,Aspernatur debitis optio esse.
Vedika Krish,9372209076,shahumang@example.com,"14, Dhaliwal Circle, Solapur 218818",Karnataka,2023-12-25,22K,Pure,379.656,5091.65,1933075.47,4.04,78096.25,1854979.22,UPI,
Advika Agate,5617648821,shalv98@example.org,"77/167, Khosla Road, Khandwa-791004",Karnataka,2024-05-10,18K,Standard,854.493,6948.27,5937248.08,3.34,198304.09,5738943.99,Card,
Zara Khosla,+915363116813,devandhanush@example.org,"H.No. 125, Sane Ganj, Kishanganj-089084",Gujarat,2023-11-24,22K,Premium,856.604,6281.89,5381092.1,3.28,176499.82,5204592.28,Card,
Lakshit Kuruvilla,03851151897,khuranariya@example.com,"60/939, Shere Ganj, Jaipur-828717",Andhra Pradesh,2025-05-26,18K,Pure,950.155,5159.67,4902486.25,3.46,169626.02,4732860.23,Cash,
Kashvi Yogi,3043845625,dugarpriyansh@example.org,"37, Banik Marg, Kolhapur-716721",Karnataka,2024-06-07,18K,Premium,816.452,5685.52,4641954.18,1.65,76592.24,4565361.94,Card,Nobis mollitia magni minima ab.
Emir Tara,07771977742,tripathijivin@example.com,"91/58, Sem, Ambala-140338",West Bengal,2024-07-20,18K,Pure,887.025,6686.6,5931181.37,3.88,230129.84,5701051.53,Card,
Aayush Golla,03885197837,indranilsridhar@example.org,"00/21, Sheth Marg, Davanagere-249769",West Bengal,2025-02-28,18K,Premium,535.557,6499.99,3481115.14,0.64,22279.14,3458836.0,Bank Transfer,Eius eos sint laboriosam accusantium.
Stuvan Luthra,4427212347,fatehben@example.org,"26, Kakar Marg, Madurai-871503",West Bengal,2024-12-19,18K,Standard,36.536,5935.21,216848.83,2.29,4965.84,211882.99,Card,
Suhana Mannan,1813456297,rkorpal@example.com,"023, Gour Street, Jorhat-778497",Kerala,2023-12-25,18K,Pure,537.189,6350.61,3411477.84,0.02,682.3,3410795.54,Card,
Piya Bakshi,+915707710844,odivan@example.org,"H.No. 826, Bassi Marg, Gudivada 752336",Gujarat,2024-02-19,22K,Premium,39.001,5598.4,218343.2,2.24,4890.89,213452.31,Cash,Nulla dolor asperiores voluptate.
Vihaan Bahl,+919068528981,kandadhanuk@example.net,"96/31, Deo Chowk, Madurai 626274",Rajasthan,2024-07-19,24K,Pure,408.321,6389.04,2608779.2,2.99,78002.5,2530776.7,UPI,
Prerak Soni,04586486533,varkeyindranil@example.org,"H.No. 37, Shanker, Nangloi Jat-625149",West Bengal,2024-11-14,18K,Standard,606.371,6086.95,3690949.96,4.42,163139.99,3527809.97,Card,Consequuntur impedit reprehenderit veritatis officia minus.
Nitya Sem,0699971580,ngandhi@example.net,"H.No. 60, Sura Marg, Fatehpur-890048",Kerala,2025-03-28,22K,Standard,329.309,6611.76,2177312.07,1.09,23732.7,2153579.37,Cash,Error veniam repellendus architecto illum odit dolorum.
Samar Sethi,+916438010663,stuvan15@example.com,"H.No. 337, Sridhar, Howrah-085908",Tamil Nadu,2023-06-20,18K,Standard,158.616,6221.96,986902.41,1.51,14902.23,972000.18,UPI,
Vedika Kalla,+917096241330,divyansh00@example.org,"23/917, Bal Zila, Srikakulam 237896",Kerala,2024-06-09,18K,Pure,765.188,5436.39,4159860.39,0.95,39518.67,4120341.72,Bank Transfer,Sint possimus dolorum vitae nemo magni.
Yuvaan Bajwa,02058755382,odube@example.com,"73/943, Kade Circle, Buxar-965406",Maharashtra,2024-03-18,22K,Premium,430.887,6861.44,2956505.3,2.31,68295.27,2888210.03,Bank Transfer,
Mannat Mani,5060721140,prerakdyal@example.net,"H.No. 383, Sura Marg, Sangli-Miraj & Kupwad 791134",Andhra Pradesh,2023-11-27,22K,Pure,237.125,5820.93,1380288.03,0.95,13112.74,1367175.29,Bank Transfer,
Jivika Kata,3256346897,deviayesha@example.com,"H.No. 639, Chakrabarti Road, Machilipatnam 805048",Rajasthan,2024-05-01,24K,Premium,600.797,6131.15,3683576.53,0.89,32783.83,3650792.7,UPI,Fugiat sunt reiciendis minus voluptatum dignissimos.
Anika Sankar,3107023951,kashvi02@example.net,"44/205, Ram Street, Davanagere 401251",Gujarat,2023-06-09,24K,Standard,782.024,5710.14,4465466.52,1.28,57157.97,4408308.55,Cash,
Dhruv Kamdar,+913552459402,edave@example.com,"02, Bera Circle, Pali 129802",Tamil Nadu,2024-03-19,18K,Premium,386.542,5408.22,2090504.18,3.4,71077.14,2019427.04,Bank Transfer,
Ishaan Ahuja,01749477039,riaanwagle@example.org,"02/02, Som Nagar, Nandyal-680101",West Bengal,2024-06-05,18K,Standard,108.987,5087.68,554490.98,1.75,9703.59,544787.39,Bank Transfer,
Raunak Vig,6890924104,qsom@example.net,"59/51, Rout Road, Anand-117108",Delhi,2024-01-24,18K,Pure,429.926,6254.26,2688868.98,4.36,117234.69,2571634.29,Card,
Amani Malhotra,+918299075741,prishasha@example.org,"61/33, Bali Marg, Parbhani 120963",Kerala,2024-12-20,22K,Standard,952.838,5835.42,5560209.92,0.45,25020.94,5535188.98,Bank Transfer,Sapiente doloribus voluptate ea corporis ducimus.
Mishti Grover,+913033749922,kdani@example.com,"580, Dara Marg, Proddatur-916175",West Bengal,2023-07-17,24K,Premium,685.666,5360.23,3675327.46,4.65,170902.73,3504424.73,UPI,
Adah Varkey,2672121578,uthkarshsibal@example.com,"71, Vala Path, Panchkula 810016",Delhi,2025-01-21,24K,Pure,627.197,5109.57,3204706.98,2.21,70824.02,3133882.96,UPI,
Eshani Kohli,2318321453,nirvi50@example.com,"96/445, Hegde, Amaravati-711302",Tamil Nadu,2024-05-29,22K,Premium,50.094,5319.72,266486.05,4.48,11938.58,254547.47,Card,
Azad Varkey,+917717236897,rajabhamini@example.org,"H.No. 12, Dayal Marg, Panchkula 034703",Telangana,2024-10-18,18K,Standard,95.966,5917.21,567850.97,2.02,11470.59,556380.38,UPI,
Abram Anne,+917027566927,elakshi09@example.org,"63/353, Randhawa Nagar, Delhi 415448",Gujarat,2024-12-11,22K,Pure,275.363,6397.12,1761530.15,4.77,84024.99,1677505.16,Card,Accusantium nobis ea id ullam quidem voluptatem.
Parinaaz Sahni,07361003798,mannanaarav@example.com,"H.No. 786, Iyer Chowk, Berhampore-525598",Telangana,2023-08-04,18K,Premium,441.459,5235.75,2311368.96,4.13,95459.54,2215909.42,Card,
Jayan Handa,+913495554741,drishya69@example.org,"95/383, Dhar Zila, Agra-616118",West Bengal,2023-10-16,22K,Pure,861.59,5070.64,4368812.72,2.82,123200.52,4245612.2,Cash,Ad porro tempora ratione minus.
Vaibhav Mani,+919793443150,baladivit@example.com,"76/48, Mammen Nagar, Kumbakonam-395159",Kerala,2024-09-22,18K,Premium,950.737,5941.05,5648376.05,2.43,137255.54,5511120.51,Bank Transfer,
Jayant Virk,4229909714,samihavarty@example.org,"31/710, Sundaram Zila, Muzaffarnagar 466810",West Bengal,2023-06-30,18K,Pure,59.157,5710.53,337817.82,0.03,101.35,337716.47,Bank Transfer,
Yuvraj  Sha,9681580785,rsaha@example.org,"524, Ahluwalia Circle, Asansol 747187",Karnataka,2025-03-06,22K,Standard,493.417,6794.75,3352645.16,1.93,64706.05,3287939.11,UPI,Quisquam temporibus vitae eveniet amet incidunt possimus.
Anya Chawla,03354662962,jlanka@example.org,"98/192, Deo Nagar, Noida 679295",Tamil Nadu,2023-08-28,18K,Pure,279.278,5611.9,1567280.21,0.69,10814.23,1556465.98,UPI,
Anika Bali,08215183038,advika27@example.net,"H.No. 470, Kaur Zila, Nagaon 756873",Kerala,2023-10-02,22K,Pure,170.773,6432.82,1098551.97,2.23,24497.71,1074054.26,Bank Transfer,
Advik Dube,3607074917,jayesh01@example.net,"49, Bajwa Ganj, Nagaon-124024",Kerala,2023-10-13,18K,Pure,320.133,5413.45,1733023.99,2.62,45405.23,1687618.76,Card,
Uthkarsh Yogi,05687441913,sankaranmehul@example.com,"H.No. 095, Swamy Path, Tadipatri 156638",Telangana,2024-08-13,18K,Premium,934.892,5993.84,5603593.07,0.41,22974.73,5580618.34,Card,
Alia Mallick,9602752419,riya95@example.org,"H.No. 88, Dhawan Zila, Vijayanagaram 611321",Rajasthan,2024-10-29,18K,Pure,890.176,5917.45,5267571.97,4.61,242835.07,5024736.9,Cash,
Romil Rana,4278527856,kotaalisha@example.org,"75/907, Saraf Road, Ranchi 719415",Kerala,2025-04-01,18K,Premium,551.522,5346.63,2948784.07,3.2,94361.09,2854422.98,UPI,
Amira Bhalla,+912264536796,dassoorja@example.net,"H.No. 682, Sem Path, Allahabad-525205",Rajasthan,2024-05-26,22K,Pure,837.346,6062.26,5076209.16,0.82,41624.92,5034584.24,UPI,Repellendus tempora ab sit veniam esse.
Rati Dhingra,+913275513353,aarnabajwa@example.org,"420, Kumar Road, Pali-712275",Kerala,2024-07-01,22K,Premium,604.257,5073.59,3065752.27,1.75,53650.66,3012101.61,Bank Transfer,
Priyansh Badal,+911112425255,bhandarimiraan@example.com,"H.No. 992, Barad Ganj, Sambalpur-357730",Andhra Pradesh,2024-10-19,22K,Standard,477.976,5905.23,2822558.21,3.56,100483.07,2722075.14,Card,
Arnav Bhat,+913586912686,eanne@example.org,"15/881, Dada Marg, Varanasi 279820",West Bengal,2024-07-27,22K,Premium,911.687,6536.68,5959406.18,0.56,33372.67,5926033.51,Bank Transfer,Natus numquam ea cupiditate suscipit quasi corrupti.
Suhana Baria,9851148432,balishaan@example.org,"68, Sastry Path, Eluru 256596",Telangana,2024-12-03,18K,Premium,699.64,5219.32,3651645.04,1.02,37246.78,3614398.26,Cash,
Kiara Aggarwal,05675058255,ybalay@example.com,"506, Upadhyay Street, Udaipur-663347",Kerala,2024-03-24,24K,Pure,863.155,6299.78,5437686.61,1.02,55464.4,5382222.21,UPI,
Jiya Tandon,0925916827,pihukakar@example.org,"43/869, Sahota, Mysore 709932",Kerala,2023-10-01,24K,Pure,791.186,5508.93,4358588.29,4.89,213134.97,4145453.32,Cash,
Hazel Sani,01320795116,aayushsankaran@example.net,"72/57, Ranganathan Circle, Gudivada-377387",Gujarat,2023-08-30,22K,Pure,359.518,6158.97,2214260.58,0.78,17271.23,2196989.35,Bank Transfer,
Ehsaan Chokshi,9515918169,borahpihu@example.org,"99/14, Bahl Circle, Guna 773936",Rajasthan,2023-08-08,18K,Pure,575.494,6957.43,4003959.22,0.96,38438.01,3965521.21,Card,
Saira Balakrishnan,+917593434330,nvenkataraman@example.com,"37, Bhatti Road, Thanjavur 655539",Rajasthan,2024-07-17,22K,Premium,893.371,6241.14,5575653.48,3.99,222468.57,5353184.91,Cash,
Devansh Sabharwal,06148330650,sahatiya@example.net,"653, Ganguly Zila, Vadodara 744691",Tamil Nadu,2023-08-09,24K,Premium,329.344,5035.75,1658494.05,0.05,829.25,1657664.8,Bank Transfer,
Emir Devan,+910431240235,duttashayak@example.net,"H.No. 171, Bhagat Ganj, Berhampore 112137",Kerala,2024-02-10,18K,Pure,487.125,5136.32,2502029.88,0.29,7255.89,2494773.99,Card,Non animi officiis harum expedita.
Lakshay Halder,08545891501,diya41@example.net,"H.No. 440, Sanghvi Marg, Agartala 960276",Maharashtra,2025-02-11,22K,Standard,368.551,5711.52,2104986.41,3.62,76200.51,2028785.9,UPI,
Diya Ranganathan,9981649651,ywason@example.net,"H.No. 32, Chaudhuri Circle, Ahmedabad 102399",Gujarat,2023-11-26,24K,Standard,876.761,6949.83,6093339.9,1.41,85916.09,6007423.81,Bank Transfer,
Inaaya  Sodhi,+914575452646,jayeshsarraf@example.com,"19, Ramaswamy Street, Jaipur-755047",Andhra Pradesh,2024-08-29,22K,Standard,868.844,6357.32,5523519.34,3.67,202713.16,5320806.18,UPI,
Prisha Sarma,9293387846,zainakara@example.net,"H.No. 41, Krishnamurthy Path, Indore-691926",Rajasthan,2023-09-30,24K,Pure,184.484,6739.1,1243256.12,4.59,57065.46,1186190.66,UPI,
Bhamini Barman,+919773260138,krishnanneysa@example.com,"29/610, Atwal Marg, Bhusawal-261131",Kerala,2025-02-24,24K,Standard,842.496,6740.93,5679206.56,3.83,217513.61,5461692.95,UPI,Ab deleniti veritatis deserunt laboriosam eius.
Emir Sekhon,03414430105,wallaanvi@example.com,"55, Sampath Path, Guna 027884",Maharashtra,2025-03-11,18K,Premium,672.136,5193.83,3490960.12,2.08,72611.97,3418348.15,UPI,
Urvi Ahluwalia,+917014589651,bdin@example.com,"H.No. 641, Deshmukh Nagar, Bijapur-238180",Gujarat,2024-02-03,18K,Premium,152.342,5072.61,772771.55,3.04,23492.26,749279.29,Bank Transfer,
Biju Chad,3876071895,abram96@example.com,"44/098, Jain, Visakhapatnam-923960",Andhra Pradesh,2024-01-02,24K,Premium,788.575,6083.88,4797595.67,1.88,90194.8,4707400.87,Card,
Tara Devan,3527766128,jivikacheema@example.org,"25, Sen Chowk, Cuttack-110620",West Bengal,2024-05-05,22K,Premium,491.017,5521.72,2711258.39,2.81,76186.36,2635072.03,Bank Transfer,
Shalv Dyal,+915674603547,lkari@example.com,"H.No. 68, Goyal Circle, Avadi-554934",West Bengal,2025-05-23,24K,Standard,125.593,5384.61,676269.32,2.55,17244.87,659024.45,UPI,
Mahika Dara,+912638654186,bhattiriya@example.com,"418, Seshadri Circle, Nellore-332017",Rajasthan,2023-12-01,24K,Standard,987.179,6438.81,6356258.02,3.0,190687.74,6165570.28,Bank Transfer,
Armaan Sehgal,4034097316,adah75@example.org,"99/987, Luthra Circle, Madurai-294878",Karnataka,2023-07-10,24K,Pure,116.698,6320.41,737579.21,3.8,28028.01,709551.2,Card,Possimus voluptatem fuga assumenda veritatis atque.
Adah Bhargava,+915413430767,rattishayak@example.com,"H.No. 964, Som Ganj, Khammam 864809",Telangana,2023-08-10,18K,Pure,959.615,6272.47,6019156.3,0.2,12038.31,6007117.99,Cash,
Suhana Dutt,07827297926,mannatchahal@example.org,"34/766, Banik Ganj, Gopalpur-604595",Delhi,2024-11-06,24K,Standard,476.189,5217.18,2484363.73,1.02,25340.51,2459023.22,Card,
Akarsh Ahuja,8150213972,hbedi@example.net,"H.No. 36, Sundaram Chowk, Kota-488937",Tamil Nadu,2024-10-13,22K,Standard,633.489,5808.18,3679418.14,3.12,114797.85,3564620.29,UPI,
Samarth Bhardwaj,00993195765,kiaan55@example.net,"51, Shanker Nagar, Tadepalligudem 184987",Karnataka,2025-04-19,22K,Standard,847.969,6492.87,5505752.48,3.51,193251.91,5312500.57,UPI,
Dhruv Hegde,+913928492661,sairawable@example.net,"H.No. 77, Chahal Path, Satna 136431",Andhra Pradesh,2025-02-17,24K,Premium,788.175,5846.33,4607931.15,0.5,23039.66,4584891.49,Bank Transfer,
Renee Rajagopalan,+916548086924,samararora@example.org,"905, Chokshi Nagar, Panihati-886514",Telangana,2025-03-01,18K,Standard,623.795,6813.5,4250227.23,4.09,173834.29,4076392.94,Card,Nisi quis hic vero error ipsam.
Adira Hegde,0152011661,eramakrishnan@example.org,"H.No. 482, Ramachandran Road, Vellore 898185",Gujarat,2023-06-09,22K,Premium,539.32,5374.07,2898343.43,3.96,114774.4,2783569.03,Cash,Dignissimos deleniti alias soluta.
Saira Goyal,04668720962,heer50@example.com,"96/73, Chauhan, Bahraich 105704",Rajasthan,2023-10-18,24K,Standard,683.955,5991.8,4098121.57,1.66,68028.82,4030092.75,UPI,
Riaan Kata,3564221220,trajan@example.net,"H.No. 76, Baral Chowk, Gulbarga 005114",Andhra Pradesh,2023-10-02,24K,Premium,782.331,6931.77,5422938.56,3.99,216375.25,5206563.31,Bank Transfer,
Nitya Subramanian,+918380108756,indransjha@example.com,"H.No. 95, Bobal Chowk, Bikaner 632060",Telangana,2024-03-18,24K,Standard,888.525,5804.74,5157656.61,2.54,131004.48,5026652.13,Card,Quo dolor neque eligendi inventore.
Neysa Cheema,05316271146,hloke@example.org,"163, Mahal Ganj, Moradabad-566773",Gujarat,2024-01-01,24K,Premium,435.598,6663.32,2902528.87,2.42,70241.2,2832287.67,Card,Repudiandae quia assumenda facere commodi minus porro consectetur.
Neelofar Raja,+910104002723,nakulshan@example.net,"H.No. 455, Tank Circle, Gandhinagar-673780",Tamil Nadu,2023-07-18,18K,Pure,369.654,5766.71,2131687.42,3.33,70985.19,2060702.23,Cash,
Lakshay Rattan,07066529861,stuvanchaudry@example.org,"31/605, Bala Zila, Ambala-688947",Andhra Pradesh,2025-04-25,18K,Standard,908.954,6141.85,5582659.12,0.96,53593.53,5529065.59,UPI,Minima fugit sequi aperiam voluptatem.
Priyansh Choudhury,08601249064,kalaindrans@example.org,"92, Kulkarni Chowk, Mangalore 136374",West Bengal,2023-06-25,18K,Standard,650.687,5000.35,3253662.74,0.63,20498.08,3233164.66,Bank Transfer,Numquam officiis ut illum debitis numquam deleniti.
Purab Devi,+917691290716,seher64@example.com,"54/946, Tripathi, Sambhal-202845",Gujarat,2023-07-24,18K,Premium,486.326,6017.66,2926544.52,1.54,45068.79,2881475.73,Card,
Raghav Dyal,00398373405,sekhonhrishita@example.net,"85/654, Brahmbhatt Ganj, Gangtok 278887",Rajasthan,2024-04-03,18K,Pure,132.612,6615.08,877238.99,0.45,3947.58,873291.41,Cash,Laboriosam laborum magni magnam.
Nirvi Raja,01916189642,taranhegde@example.net,"41/68, Choudhary Nagar, Katihar-509016",Delhi,2023-11-05,24K,Pure,283.783,5000.38,1419022.84,4.13,58605.64,1360417.2,Cash,
Rohan Kaur,09473617085,parikunda@example.com,"99/133, Arya Circle, Bulandshahr 009240",Delhi,2024-02-24,22K,Premium,168.054,6560.0,1102434.24,1.09,12016.53,1090417.71,Bank Transfer,Saepe soluta aperiam.
Tushar Kunda,+911653349653,nayantara57@example.com,"46/99, Kaur Ganj, Rajpur Sonarpur 031152",West Bengal,2024-08-24,22K,Standard,839.42,6467.7,5429116.73,4.78,259511.78,5169604.95,UPI,
Shlok Dewan,+914289780419,rattahimmat@example.net,"862, Lanka Zila, Bardhaman 273707",Rajasthan,2025-02-12,22K,Premium,367.639,6045.05,2222396.14,2.78,61782.61,2160613.53,Bank Transfer,
Stuvan Chawla,+915267593633,vaibhav34@example.com,"591, Divan Ganj, Jalgaon 547696",Karnataka,2024-09-04,22K,Premium,168.873,6535.75,1103711.71,3.07,33883.95,1069827.76,Bank Transfer,Quod vel numquam ipsa.
Shayak Raman,+910159512570,gsibal@example.net,"56/00, Iyengar Street, Amravati-893846",Telangana,2025-04-17,24K,Premium,988.931,5161.88,5104743.15,0.15,7657.11,5097086.04,Card,
Raunak Wali,+916599735587,bhavinvasa@example.org,"763, Bora Street, Hapur 389879",Gujarat,2025-04-22,24K,Standard,478.368,6458.36,3089472.76,3.44,106277.86,2983194.9,Card,Dolores eos quo esse saepe.
Tushar Bali,09202392355,samartaneja@example.org,"23/951, Thakur Nagar, Bahraich 535372",Rajasthan,2025-05-28,24K,Pure,569.752,6186.18,3524588.43,2.03,71549.15,3453039.28,Bank Transfer,
Advika Ganesan,04123670804,sundaramhimmat@example.com,"H.No. 256, Gala Chowk, Gandhidham 155558",Gujarat,2025-01-26,22K,Standard,560.753,6268.22,3514923.17,1.65,57996.23,3456926.94,UPI,Id asperiores vitae at iusto.
Kismat Sandhu,04600096959,hazel33@example.org,"H.No. 520, Sem Chowk, Karnal 603268",Karnataka,2024-02-23,22K,Pure,205.487,5697.13,1170686.15,0.52,6087.57,1164598.58,Cash,Consequatur ratione cupiditate a dolores.
Rohan Kota,1485248433,chaudharisamaira@example.org,"98, Sengupta Chowk, Dhule-473291",Telangana,2025-05-03,22K,Premium,91.737,6895.59,632580.74,2.64,16700.13,615880.61,Cash,
Gokul Khatri,06346468833,mbobal@example.net,"70/93, Mammen Marg, Durg 736682",Telangana,2023-08-25,24K,Pure,950.244,6909.17,6565397.34,1.49,97824.42,6467572.92,Bank Transfer,
Lagan Shenoy,+914596687826,mannat92@example.com,"87, Tailor Street, Dehradun 978311",Rajasthan,2023-07-05,22K,Premium,987.627,6714.03,6630957.31,4.09,271206.15,6359751.16,Bank Transfer,
Zaina Basak,+918593614540,contractordharmajan@example.org,"00/60, Chad Circle, Sambhal-971473",Andhra Pradesh,2024-04-08,24K,Premium,449.695,5544.08,2493145.06,2.36,58838.22,2434306.84,Card,
Faiyaz Bandi,+918329146406,umang66@example.com,"68/897, Subramanian Nagar, Indore-822663",Maharashtra,2024-11-24,24K,Pure,380.725,6191.13,2357117.97,2.1,49499.48,2307618.49,Bank Transfer,
Gatik Balasubramanian,2364955100,ahana-bhattacharyya@example.net,"49, Soman Nagar, Tadipatri-611375",Kerala,2024-11-01,18K,Premium,691.42,5023.18,3473127.12,4.55,158027.28,3315099.84,Bank Transfer,Eaque dolorum placeat occaecati saepe consectetur.
Tanya Chaudhari,09843920614,boraelakshi@example.org,"65, Gour Chowk, Bhubaneswar-276772",Maharashtra,2025-05-09,24K,Premium,186.478,5758.93,1073913.75,2.21,23733.49,1050180.26,UPI,
Zoya Singh,5124871137,dyalmamooty@example.org,"H.No. 769, Hora Chowk, Siwan 655257",Karnataka,2023-08-23,22K,Pure,459.099,6904.49,3169844.45,1.54,48815.6,3121028.85,Bank Transfer,Deserunt temporibus porro quisquam architecto necessitatibus.
Shlok Sethi,7296866290,diya67@example.org,"24, Vohra Zila, Madhyamgram 898552",Karnataka,2023-12-27,18K,Standard,168.8,5168.55,872451.24,1.76,15355.14,857096.1,Cash,
Yuvaan Dixit,+910162772162,koshytanya@example.net,"006, Mani Road, Surendranagar Dudhrej 906550",Delhi,2023-08-17,18K,Premium,621.526,5040.67,3132907.46,3.18,99626.46,3033281.0,Cash,
Aarush Khanna,3469781101,brahmbhattaaina@example.com,"67/90, Mangat Ganj, Akola 526988",Andhra Pradesh,2025-03-12,22K,Pure,797.813,6200.73,4947023.0,1.6,79152.37,4867870.63,Card,Dolorem accusantium quaerat mollitia.
Eshani Deol,02136756019,jaggimehul@example.org,"896, Sule Ganj, Fatehpur 958898",Maharashtra,2024-05-14,22K,Pure,399.818,6803.42,2720129.78,2.86,77795.71,2642334.07,UPI,
Saksham Hegde,9846293009,cchakrabarti@example.com,"99/74, Ratta Nagar, Vasai-Virar-731358",Andhra Pradesh,2024-08-26,18K,Premium,740.769,6863.33,5084142.1,2.86,145406.46,4938735.64,Card,
Nirvi Chowdhury,8992709393,dugalindranil@example.org,"H.No. 640, Setty, Farrukhabad-896745",Tamil Nadu,2024-11-21,22K,Premium,648.927,6747.45,4378602.49,4.09,179084.84,4199517.65,UPI,
Tanya Chhabra,+919116090089,gdhawan@example.org,"H.No. 717, Dutt Street, Bidar 489622",West Bengal,2024-03-13,22K,Premium,754.899,6060.33,4574937.06,1.31,59931.68,4515005.38,UPI,Esse doloremque quibusdam libero error hic exercitationem tenetur.
Kiara Upadhyay,+915249224348,jmane@example.com,"53, Krishnan Chowk, Thrissur 844284",Rajasthan,2024-01-18,22K,Pure,893.871,5500.14,4916415.64,1.35,66371.61,4850044.03,Card,
Mamooty Saran,+911793896219,ivana87@example.com,"98/95, Sundaram Path, Pondicherry-901487",Rajasthan,2024-12-18,22K,Premium,802.639,5314.25,4265424.31,4.65,198342.23,4067082.08,Cash,Necessitatibus aspernatur deserunt eos in.
Samaira Ray,0349572389,sulejayan@example.net,"H.No. 16, Acharya Road, Barasat 841340",Maharashtra,2025-02-12,18K,Standard,573.453,6662.19,3820452.84,3.42,130659.49,3689793.35,UPI,Fugit voluptate earum libero assumenda.
Indrans Dasgupta,5488045516,mannshamik@example.org,"H.No. 735, Ghose Street, Kochi-637342",West Bengal,2023-12-30,18K,Standard,687.404,6870.58,4722864.17,3.55,167661.68,4555202.49,Bank Transfer,Sit quas amet velit nesciunt magnam placeat.
Ela Yohannan,9857409059,shayak66@example.org,"715, Saran Zila, Jalna-002378",Rajasthan,2024-04-01,18K,Premium,306.665,5200.46,1594799.07,3.43,54701.61,1540097.46,Card,
Hazel Kade,2746772103,vivaan63@example.net,"80/510, Grewal Street, Chennai 231642",Karnataka,2023-07-10,18K,Standard,198.309,5298.75,1050789.81,0.01,105.08,1050684.73,Bank Transfer,Possimus aspernatur quaerat.
Saanvi Chandran,05349099022,ranabadal@example.com,"74/35, Goda Road, Bharatpur-455476",West Bengal,2025-02-13,18K,Pure,489.891,5702.89,2793794.48,1.93,53920.23,2739874.25,Card,Velit earum aliquam velit nihil.
Lavanya Balay,8778589766,thakkarnakul@example.org,"H.No. 43, Manne Circle, Thiruvananthapuram 966998",Telangana,2024-01-25,24K,Premium,359.01,6358.76,2282858.43,4.77,108892.35,2173966.08,UPI,
Devansh Wable,+915427675826,psaxena@example.net,"97/682, Cherian Ganj, Madanapalle-579748",Karnataka,2024-05-30,22K,Pure,558.632,6490.02,3625532.85,3.19,115654.5,3509878.35,UPI,
Neelofar Madan,07304581688,senkiaan@example.net,"H.No. 34, Desai Chowk, Haridwar 400032",Maharashtra,2023-12-14,18K,Standard,24.356,6022.95,146694.97,4.99,7320.08,139374.89,Bank Transfer,
Indrans Shenoy,+917382368395,indranilmall@example.com,"32, Chana, Nagpur 250661",Maharashtra,2023-07-02,22K,Pure,53.629,6338.92,339949.94,3.11,10572.44,329377.5,UPI,
Yakshit Dutta,5732171897,mehul77@example.net,"H.No. 92, Chopra Zila, Gaya-039308",Rajasthan,2024-04-30,18K,Standard,950.462,6098.99,5796858.23,0.6,34781.15,5762077.08,Bank Transfer,
Advika De,+917389819892,vardaniyakumer@example.com,"564, Jaggi Marg, Chandrapur 467728",Karnataka,2025-04-16,18K,Standard,955.458,6626.85,6331676.85,2.88,182352.29,6149324.56,Bank Transfer,
Aarush Bala,+915546869801,riaansarin@example.com,"H.No. 34, Kunda Chowk, Narasaraopet 861093",Telangana,2024-10-19,22K,Pure,253.486,6635.96,1682122.96,3.68,61902.12,1620220.84,Cash,Ea ipsam quod hic incidunt.
Vihaan Subramaniam,+913192142751,mohanlal00@example.com,"80/383, Ramachandran Nagar, Khora -192240",Rajasthan,2024-02-29,24K,Premium,875.273,6003.79,5254955.28,3.78,198637.31,5056317.97,Cash,Eum ipsam praesentium laudantium error.
Heer Lall,02718355173,kkarnik@example.org,"H.No. 53, Raju Ganj, Guntakal-314133",Gujarat,2024-10-26,24K,Pure,775.21,5549.4,4301950.37,4.45,191436.79,4110513.58,UPI,
Nayantara Shere,+914497444823,datezara@example.net,"H.No. 221, Ganesan Zila, Nagaon-796094",Karnataka,2023-10-28,18K,Standard,219.659,6228.64,1368176.83,2.47,33793.97,1334382.86,Bank Transfer,
Vivaan Sunder,04413570648,ktara@example.com,"H.No. 59, Kadakia Circle, Gopalpur-000420",Gujarat,2024-06-17,24K,Standard,236.831,5671.4,1343163.33,1.12,15043.43,1328119.9,Bank Transfer,
Tiya Rajan,7774624752,balbaiju@example.com,"14/038, Majumdar Circle, Vadodara-067714",Maharashtra,2025-02-04,18K,Premium,530.529,5310.88,2817575.86,0.5,14087.88,2803487.98,Cash,
Jivin Dhaliwal,06907065768,crajagopalan@example.com,"916, Sankaran Road, Srinagar-456129",West Bengal,2023-06-21,22K,Standard,9.385,5040.37,47303.87,1.67,789.97,46513.9,UPI,
Nirvi Handa,09540002201,evasetty@example.com,"792, Verma Chowk, Nangloi Jat 089801",Rajasthan,2024-05-06,24K,Standard,22.544,5256.0,118491.26,2.28,2701.6,115789.66,UPI,In error perspiciatis repellendus magni nostrum.
Khushi Sidhu,+910809714183,swali@example.com,"68/990, Ravel Zila, Bijapur-835743",Delhi,2024-11-27,24K,Premium,224.575,5372.63,1206558.38,1.16,13996.08,1192562.3,Bank Transfer,Suscipit repudiandae nesciunt voluptatem maiores temporibus nemo consequatur.
Riya Kumer,02034909854,bainsnirvaan@example.net,"77/240, Ganguly Zila, Mau 890827",Maharashtra,2023-06-02,18K,Standard,172.647,6090.87,1051570.43,1.27,13354.94,1038215.49,Card,
Taimur Batra,04840247010,grajagopalan@example.com,"75, Shetty Chowk, Rajahmundry 837197",Kerala,2024-09-24,24K,Pure,42.814,5564.65,238244.93,3.98,9482.15,228762.78,UPI,Placeat dicta delectus officia neque aspernatur nulla.
Rasha Yohannan,01056545368,miraya53@example.org,"H.No. 70, Kade Marg, Sambhal-910657",West Bengal,2025-01-19,22K,Premium,710.861,6363.71,4523713.25,1.81,81879.21,4441834.04,Cash,
Adah Ray,08094548208,nayantaramalhotra@example.net,"07, Tak Nagar, Karaikudi-256930",Delhi,2024-03-08,22K,Standard,741.358,5650.22,4188835.8,3.44,144095.95,4044739.85,Bank Transfer,
Dishani Dhaliwal,1350332504,hkhurana@example.org,"H.No. 479, Borra Circle, Bettiah-535498",Andhra Pradesh,2023-11-08,24K,Pure,987.214,6326.29,6245402.06,0.21,13115.34,6232286.72,UPI,In corporis voluptatem similique corporis velit ea.
Prerak Karnik,7363921410,tben@example.org,"H.No. 825, Brar Zila, Bahraich-478917",Maharashtra,2024-11-01,18K,Pure,377.82,6179.02,2334557.34,3.83,89413.55,2245143.79,Bank Transfer,
Aarna Sen,8912364216,kchoudhury@example.com,"H.No. 932, Dhar Nagar, Srinagar 138668",Karnataka,2024-09-13,24K,Pure,369.999,5097.94,1886232.7,2.3,43383.35,1842849.35,UPI,
Krish Kunda,8446475875,saanvisubramanian@example.net,"687, Ramaswamy Path, Guwahati 858302",Tamil Nadu,2023-08-31,24K,Premium,769.039,5089.24,3913824.04,3.41,133461.4,3780362.64,Bank Transfer,
Taran Lala,06615258982,vritikajha@example.org,"48/33, Dutta Path, Rajahmundry 618222",West Bengal,2025-03-22,22K,Pure,311.388,6052.46,1884663.41,0.24,4523.19,1880140.22,UPI,
Veer Kari,09718825368,sachdevadira@example.org,"858, Shanker Street, Kottayam 315157",Gujarat,2023-09-19,24K,Standard,280.723,6516.28,1829269.67,3.86,70609.81,1758659.86,Bank Transfer,
Farhan Verma,0260975607,sekhontrisha@example.net,"42/561, Sabharwal Nagar, North Dumdum 899827",Karnataka,2024-06-11,22K,Standard,750.364,5827.9,4373046.36,1.65,72155.26,4300891.1,Bank Transfer,
Nayantara Kalita,02358730536,amanidhaliwal@example.org,"00, Sheth Road, Raipur-175307",West Bengal,2025-05-28,24K,Pure,876.244,5096.07,4465400.76,0.77,34383.59,4431017.17,Bank Transfer,
Siya Butala,03975740208,aniruddhdhar@example.net,"375, Bali Ganj, Udupi-358721",Kerala,2024-07-23,18K,Pure,868.228,5045.99,4381069.81,1.38,60458.76,4320611.05,Cash,
Sara Majumdar,+912603060109,dorazara@example.com,"980, Suresh Nagar, Kanpur-400258",Gujarat,2024-10-17,22K,Pure,233.422,5880.91,1372733.77,4.07,55870.26,1316863.51,Cash,
Tanya Sarma,+918292349541,zdave@example.org,"164, Chahal Circle, Gangtok-439385",Karnataka,2023-10-24,22K,Pure,633.076,5636.49,3568326.54,0.87,31044.44,3537282.1,UPI,Labore aliquid repellendus atque explicabo.
Arhaan Varma,+916692503070,yasminbhargava@example.com,"378, D’Alia Zila, Hindupur-751475",Delhi,2023-11-06,22K,Pure,61.736,5703.2,352092.76,3.2,11266.97,340825.79,Card,Nobis quaerat labore ratione dolorem.
Yuvraj  Desai,04427812368,gokul59@example.org,"00/67, Dass Road, Gopalpur 950983",Telangana,2024-02-24,22K,Pure,467.889,5595.47,2618058.86,2.77,72520.23,2545538.63,Bank Transfer,Hic at quaerat debitis.
Armaan Aggarwal,+911195659223,anahita23@example.org,"850, Choudhury Chowk, Thanjavur 459785",Kerala,2025-04-17,24K,Standard,362.117,5585.66,2022662.44,3.37,68163.72,1954498.72,Card,
Tarini Sen,1153519762,badal50@example.net,"66/119, Shukla Path, Berhampore 298163",Gujarat,2024-05-30,22K,Standard,600.697,5990.39,3598409.3,1.77,63691.84,3534717.46,Bank Transfer,
Anaya Kuruvilla,+911277538802,shayak57@example.com,"46/903, Thakkar Street, Kharagpur-139508",Andhra Pradesh,2024-05-16,24K,Standard,338.078,6366.4,2152339.78,4.05,87169.76,2065170.02,Cash,Quisquam tempora rem explicabo commodi labore expedita.
Charvi Goyal,6349305709,jayantsidhu@example.net,"H.No. 84, Vala Road, Nadiad-527123",Tamil Nadu,2024-03-24,18K,Pure,141.357,5689.26,804216.73,1.21,9731.02,794485.71,UPI,
Misha Chakrabarti,+911453128851,csinha@example.net,"34, Chaudhary Path, Bhagalpur-001776",Karnataka,2024-12-11,18K,Standard,750.042,5600.43,4200557.72,0.9,37805.02,4162752.7,Cash,
Jayesh Madan,+918185801772,dvarkey@example.org,"H.No. 622, Gulati Path, Navi Mumbai-186061",Maharashtra,2024-10-26,22K,Standard,845.485,5820.23,4920917.16,3.44,169279.55,4751637.61,Card,
Farhan Sen,+916089226559,zkala@example.net,"72/402, Chandra Nagar, Mirzapur 261371",Tamil Nadu,2024-08-06,18K,Pure,610.618,5082.47,3103447.67,0.82,25448.27,3077999.4,Cash,
Kartik Raju,+918992304171,emander@example.net,"912, Shah Street, Guna-912245",Kerala,2023-12-12,22K,Pure,542.012,5369.06,2910094.95,1.04,30264.99,2879829.96,UPI,
Urvi Bhasin,7577325768,mannat25@example.net,"88/080, Rama Zila, Rajahmundry-411660",Gujarat,2024-07-13,24K,Pure,15.863,6065.98,96224.64,1.68,1616.57,94608.07,UPI,Ullam voluptas aspernatur non.
Vaibhav Chakrabarti,+913519496206,kimaya53@example.org,"655, Hari Ganj, Shivpuri-949440",Rajasthan,2024-07-10,24K,Pure,219.099,6941.4,1520853.8,2.51,38173.43,1482680.37,Card,
Priyansh Sankaran,09513930235,cdeol@example.org,"51/914, Wason Marg, Panvel-560783",West Bengal,2024-02-27,22K,Standard,965.871,6551.33,6327739.66,2.21,139843.05,6187896.61,UPI,
Indranil Amble,8010272634,trishalal@example.com,"H.No. 46, Bava Zila, Bathinda 779275",Karnataka,2025-04-12,24K,Pure,773.93,6274.08,4855698.73,0.63,30590.9,4825107.83,UPI,Eius qui deserunt reiciendis quia quos.
Saira Sahni,6103886345,ranayashvi@example.org,"49/63, Deo Street, South Dumdum-836375",Kerala,2024-11-28,22K,Standard,769.436,6546.26,5036928.11,2.03,102249.64,4934678.47,Bank Transfer,
Damini Sachdev,+911614289668,ndeep@example.org,"91/42, Ratta, Gandhinagar-198630",West Bengal,2024-11-13,22K,Premium,676.163,6263.61,4235221.33,4.37,185079.17,4050142.16,Cash,
Shaan Sharma,00496811041,bmann@example.org,"H.No. 499, Mannan Zila, Eluru-938722",West Bengal,2024-01-10,24K,Premium,525.547,6866.8,3608826.14,2.28,82281.24,3526544.9,Bank Transfer,
Anay De,02520349854,kkalla@example.com,"H.No. 443, Kannan Marg, Raichur-828880",Kerala,2024-10-20,22K,Standard,515.397,5339.16,2751787.05,2.81,77325.22,2674461.83,Card,
Trisha Deol,08855766417,asom@example.org,"266, Vora Road, Srikakulam-812618",Rajasthan,2025-02-14,22K,Pure,828.117,6519.59,5398983.31,2.05,110679.16,5288304.15,Bank Transfer,
Zain Chad,4214064039,aayush60@example.org,"138, Shenoy Chowk, Tenali-589164",Maharashtra,2024-06-02,24K,Pure,551.994,5589.39,3085309.74,0.87,26842.19,3058467.55,Cash,
Yashvi Butala,00189970912,akanda@example.net,"90, Sagar Marg, Jalandhar 312027",Andhra Pradesh,2024-12-26,18K,Premium,723.642,5473.45,3960818.3,1.51,59808.36,3901009.94,Card,
Yashvi Choudhary,8706146250,bhardwajzain@example.net,"17, Chaudhry Street, Gorakhpur-162615",Andhra Pradesh,2024-03-22,18K,Pure,281.94,5310.09,1497126.77,1.14,17067.25,1480059.52,Cash,Nihil laborum rerum aperiam voluptas nobis amet illum.
Saksham Biswas,03010738925,kabirdeshmukh@example.net,"95/826, Ravel Marg, Nangloi Jat 222849",Tamil Nadu,2025-05-06,22K,Standard,209.187,6061.47,1267980.72,3.05,38673.41,1229307.31,Bank Transfer,Molestias cupiditate soluta sit facere voluptas.
Piya Wadhwa,2584183694,jivin00@example.net,"73/087, Yohannan Nagar, Jaipur 384154",Andhra Pradesh,2024-05-26,24K,Pure,344.746,6631.83,2286296.87,2.5,57157.42,2229139.45,Card,
Romil Rege,03192902811,jiyaissac@example.com,"H.No. 84, Mangat Road, Bhubaneswar-733707",Tamil Nadu,2024-06-16,22K,Premium,736.024,5548.17,4083586.28,3.28,133941.63,3949644.65,Bank Transfer,Esse dolore debitis aspernatur blanditiis et.
Vaibhav Sen,+914270873628,karpemadhup@example.com,"H.No. 320, Chadha Ganj, Noida 103611",Andhra Pradesh,2024-07-03,22K,Premium,600.996,6882.68,4136463.15,0.47,19441.38,4117021.77,Bank Transfer,Deserunt earum quos atque animi possimus velit.
Urvi Biswas,3752987408,kguha@example.com,"521, Yohannan Ganj, Kamarhati-150036",Gujarat,2023-10-20,24K,Premium,904.168,5426.14,4906142.15,3.59,176130.5,4730011.65,Card,Eius rerum vero.
Tanya Chahal,+910300858408,samaira69@example.com,"H.No. 94, Kakar Path, Saharsa 219443",Andhra Pradesh,2024-09-16,24K,Premium,866.268,6371.56,5519478.54,3.95,218019.4,5301459.14,Bank Transfer,
Divit Sehgal,7974495655,saanvi51@example.org,"64/798, Dhar Ganj, Satna 500558",West Bengal,2024-08-23,24K,Standard,103.133,5563.62,573792.82,0.76,4360.83,569431.99,UPI,
Baiju Saha,+910193820311,heer69@example.org,"15, Gaba Path, Kollam-062419",Delhi,2023-12-05,24K,Premium,967.253,5056.33,4890750.36,0.16,7825.2,4882925.16,Card,
Hrishita Chaudhry,04371000283,chanajhanvi@example.net,"H.No. 028, Lall Ganj, Bellary 988855",Telangana,2025-05-29,18K,Premium,374.19,6581.89,2462877.42,4.6,113292.36,2349585.06,Cash,
Ivan Batta,+912514968005,jiyakrishnan@example.org,"01, Basu Circle, Mumbai-644486",Tamil Nadu,2024-11-09,22K,Pure,28.09,5022.28,141075.85,1.93,2722.76,138353.09,Card,
Emir Khalsa,+919637905001,rajagopalsaanvi@example.com,"83/669, Bhasin Path, Sikar-101868",Gujarat,2024-12-25,22K,Premium,906.092,6631.21,6008486.33,3.58,215103.81,5793382.52,UPI,Perferendis culpa ipsam quis maiores nam.
Vedika Swamy,3588587043,vanya73@example.org,"30, Hayre Path, Navi Mumbai 243426",Kerala,2024-11-10,22K,Pure,423.681,6330.11,2681947.33,4.12,110496.23,2571451.1,Cash,
Krish Kade,+910146001570,adira69@example.org,"H.No. 221, Bhardwaj Marg, Aizawl 292456",Tamil Nadu,2025-03-09,24K,Pure,285.634,5271.2,1505633.94,0.05,752.82,1504881.12,Bank Transfer,
Devansh Garg,00874713605,tariniagate@example.org,"644, Kata, Nadiad-417215",Rajasthan,2025-03-05,22K,Standard,922.376,5631.76,5194600.26,2.44,126748.25,5067852.01,Card,
Tiya Bahri,04905963505,kalaira@example.org,"73, Mahajan Marg, Mysore 915077",Andhra Pradesh,2025-02-22,24K,Premium,636.233,6046.25,3846823.78,2.91,111942.57,3734881.21,Card,Non praesentium at facere id.
Adira Brahmbhatt,1039169680,myratella@example.com,"H.No. 474, Bhalla Road, Mau-366086",Rajasthan,2024-10-10,18K,Standard,824.826,5660.22,4668696.62,4.58,213826.31,4454870.31,Cash,
Vardaniya Kala,05544334330,jiyabose@example.org,"H.No. 88, Lanka Chowk, Ambala-024633",Telangana,2024-06-21,24K,Standard,719.716,6385.38,4595660.15,4.55,209102.54,4386557.61,UPI,Sint saepe laborum quam nostrum nemo totam.
Armaan Lall,0723819494,tsom@example.net,"50/62, Devi Ganj, Korba 174189",Tamil Nadu,2025-05-07,22K,Standard,973.642,6045.33,5885987.19,2.57,151269.87,5734717.32,Bank Transfer,
Kashvi Badal,06369789526,vedika24@example.com,"H.No. 76, Kuruvilla Marg, North Dumdum-607261",Telangana,2025-04-24,22K,Standard,16.229,5724.42,92901.61,3.94,3660.32,89241.29,Card,Quasi nesciunt debitis laborum aperiam mollitia.
Hunar Kar,+919510514430,pgole@example.org,"H.No. 984, Madan, Sambalpur 895706",Karnataka,2024-08-19,22K,Premium,2.236,5894.62,13180.37,3.16,416.5,12763.87,UPI,Est labore voluptatibus veritatis similique nobis animi.
Anika Mane,08913935018,pbhatti@example.org,"H.No. 31, Subramanian Marg, Etawah-114827",Andhra Pradesh,2023-06-26,22K,Standard,672.702,5291.85,3559838.08,3.09,109999.0,3449839.08,Cash,Repellendus totam assumenda autem perferendis exercitationem temporibus iste.
Ryan Kala,04878259946,vidurchar@example.net,"86, Toor Street, Avadi-888662",Tamil Nadu,2024-11-09,18K,Pure,380.359,5396.19,2052489.43,1.09,22372.13,2030117.3,Card,
Anya Bala,+910683700475,gillsamar@example.net,"H.No. 20, Bhatnagar Zila, Bhilai-991654",Maharashtra,2023-11-26,22K,Standard,433.365,6028.87,2612701.25,3.39,88570.57,2524130.68,UPI,Quibusdam optio esse debitis occaecati laborum consequatur.
Samiha Buch,+911969920725,neysasama@example.org,"63, Baral Zila, Anantapuram-214479",Maharashtra,2023-07-05,24K,Premium,721.27,5443.27,3926067.35,0.89,34942.0,3891125.35,Card,
Jayan Hayer,+912567053530,xsom@example.org,"01/45, Bahl Chowk, Nashik-697184",West Bengal,2024-02-07,18K,Premium,359.122,5215.32,1872936.15,4.18,78288.73,1794647.42,Card,
Saksham Sandhu,+913802758506,ehayre@example.org,"47, Din Ganj, Ratlam 106172",Rajasthan,2023-06-20,22K,Pure,567.736,6075.06,3449030.26,4.14,142789.85,3306240.41,Cash,
Kimaya Rama,02503202657,vyasmyra@example.com,"97/593, Kuruvilla Path, Pali 145347",Tamil Nadu,2023-11-05,22K,Standard,195.736,6280.92,1229402.16,1.16,14261.07,1215141.09,Card,
Vedika D’Alia,08304832597,agarwalmiraya@example.org,"842, Badal Nagar, Tinsukia-985818",Karnataka,2024-10-31,18K,Standard,571.411,6320.72,3611728.94,1.03,37200.81,3574528.13,Cash,A dicta accusamus voluptate dolorum eveniet.
Bhamini Bail,05333687059,khushisharaf@example.net,"31/904, Sankaran Street, Bikaner-109901",Kerala,2023-10-20,22K,Pure,775.593,5615.85,4355613.95,0.93,40507.21,4315106.74,Card,
Misha Thaman,+914944543129,divij81@example.net,"62/840, Bajaj Road, Imphal-994433",West Bengal,2024-03-01,22K,Premium,184.766,5503.2,1016804.25,1.76,17895.75,998908.5,Bank Transfer,
Jayesh Rajan,5351484124,bainsazad@example.net,"H.No. 499, Tata Ganj, Narasaraopet-349162",Karnataka,2024-12-04,24K,Premium,606.379,6521.03,3954215.65,1.16,45868.9,3908346.75,UPI,Nesciunt voluptates similique sint quisquam consequatur ipsa ratione.
Fateh Kaul,+911674512980,shankerritvik@example.net,"27, Tiwari Street, Buxar-473234",West Bengal,2025-01-02,18K,Pure,173.743,6321.08,1098243.4,0.14,1537.54,1096705.86,Card,Veniam amet delectus laudantium qui.
Arnav Raman,04920190504,ycomar@example.org,"28, Boase Ganj, Warangal 486073",Maharashtra,2024-07-23,24K,Standard,343.328,5681.57,1950642.06,3.5,68272.47,1882369.59,Bank Transfer,
Shamik Mand,4460795172,ryansuri@example.org,"23, Savant Street, Mysore-833970",Maharashtra,2024-07-04,24K,Pure,605.442,5758.22,3486268.23,1.17,40789.34,3445478.89,Cash,At molestiae accusamus consequuntur quia.
Bhamini Acharya,+911482933769,qsunder@example.org,"30, Choudhary Chowk, Sambhal-535911",Gujarat,2024-12-08,24K,Pure,158.509,6514.34,1032581.52,2.21,22820.05,1009761.47,Cash,
Madhup Contractor,6451083156,vidurratti@example.com,"74/563, Kade Street, Tirupati 084113",Kerala,2024-09-03,18K,Standard,887.21,6981.6,6194145.34,4.75,294221.9,5899923.44,Card,
Arhaan Krishna,+918430782522,sanavarkey@example.com,"H.No. 154, Kakar Marg, Tadepalligudem 240968",Tamil Nadu,2023-11-05,24K,Pure,982.693,6432.5,6321172.72,3.78,238940.33,6082232.39,Card,
Romil Bhatt,5374197627,suhanabaria@example.org,"92/35, Sridhar Circle, Katihar 127559",Tamil Nadu,2025-04-13,22K,Pure,387.882,6566.04,2546848.73,4.44,113080.08,2433768.65,Cash,
Nitya Wadhwa,4629326123,aaravluthra@example.org,"H.No. 51, Sachdeva Ganj, Amritsar-428697",Rajasthan,2025-03-19,24K,Premium,485.961,6482.76,3150368.53,0.46,14491.7,3135876.83,UPI,
Pari Kala,+913404773674,yadavdevansh@example.com,"H.No. 47, Date Road, Solapur 177533",Rajasthan,2024-01-04,18K,Standard,755.6,6833.89,5163687.28,2.56,132190.39,5031496.89,Card,Adipisci quos aperiam nam dolorem incidunt iusto.
Shlok Chakraborty,+916042608601,khoslanitara@example.org,"45/49, Bath Path, Nandyal-501053",Rajasthan,2025-02-17,24K,Standard,130.284,5740.38,747879.67,0.34,2542.79,745336.88,Cash,
Divyansh Sachdeva,7611203020,batrasiya@example.org,"223, Yohannan Chowk, Asansol-666721",Tamil Nadu,2024-02-29,24K,Pure,669.886,5797.51,3883670.78,2.14,83110.55,3800560.23,Bank Transfer,
Zeeshan Soman,5118562056,kapurira@example.net,"24, Vohra Ganj, Arrah-874079",Delhi,2024-10-01,22K,Standard,449.709,6939.59,3120796.08,3.21,100177.55,3020618.53,Bank Transfer,Mollitia aliquam commodi doloribus.
Advika Hari,2500646516,rastogianvi@example.net,"H.No. 45, Jhaveri Zila, Solapur-160671",Kerala,2025-02-08,22K,Standard,57.195,6505.57,372086.08,3.01,11199.79,360886.29,Bank Transfer,Tempora blanditiis earum occaecati nobis beatae fugiat voluptatem.
Yasmin Chakrabarti,04513994696,chandsahil@example.com,"61, Sodhi Marg, Serampore-351637",Karnataka,2024-09-02,18K,Standard,420.745,5916.86,2489489.26,1.68,41823.42,2447665.84,UPI,
Oorja Doshi,+918387280320,vyaschirag@example.org,"00/063, Khalsa Ganj, Kumbakonam-612799",Karnataka,2024-06-21,18K,Standard,42.678,5500.18,234736.68,1.19,2793.37,231943.31,Card,Nulla nulla tempore dicta natus iusto at.
Badal Wali,+916166066163,raniagopal@example.net,"082, Ganesan Ganj, Uluberia-853175",Andhra Pradesh,2023-11-08,24K,Premium,819.682,5603.08,4592743.82,4.26,195650.89,4397092.93,Bank Transfer,
Rasha Karnik,8977242389,wchakraborty@example.net,"H.No. 08, Grewal Nagar, Tiruppur-816600",Gujarat,2023-10-12,18K,Pure,659.867,6652.07,4389481.47,0.75,32921.11,4356560.36,Card,
Taran Sane,2055547374,kiaankonda@example.net,"39/538, Bath Marg, Khandwa-114922",Gujarat,2025-05-11,22K,Premium,622.746,6607.31,4114675.87,3.37,138664.58,3976011.29,Cash,
Oorja Tank,6204324090,qbala@example.com,"H.No. 653, Vig Path, Panchkula-034301",Gujarat,2024-03-20,18K,Standard,133.102,5500.09,732072.98,2.62,19180.31,712892.67,Cash,
Ojas Dara,+911666632880,brahmbhattzeeshan@example.com,"H.No. 671, Kadakia Path, Bongaigaon-655025",West Bengal,2023-12-04,18K,Standard,750.422,5971.1,4480844.8,4.82,215976.72,4264868.08,Bank Transfer,
Nishith Kalita,+918376388408,ladaradhya@example.net,"81, Reddy Street, Bhalswa Jahangir Pur 339540",Tamil Nadu,2025-01-06,24K,Standard,92.48,5356.5,495369.12,0.74,3665.73,491703.39,Cash,
Damini Kant,+911212799500,aarush65@example.com,"H.No. 33, Bali Circle, Srikakulam-940778",Karnataka,2024-05-26,24K,Premium,637.248,5816.53,3706572.11,2.21,81915.24,3624656.87,Bank Transfer,
Shanaya Chokshi,00007325547,krishelakshi@example.net,"12, Wadhwa Nagar, Avadi 084719",Gujarat,2025-03-20,18K,Pure,564.691,5662.01,3197286.09,0.12,3836.74,3193449.35,Card,
Abram Mall,5709262279,mamooty82@example.com,"H.No. 599, Gade Ganj, Vellore-296391",Andhra Pradesh,2024-05-05,22K,Premium,150.046,6140.39,921340.96,4.53,41736.75,879604.21,UPI,
Adira Shah,06693171981,onkarchandran@example.org,"H.No. 549, Arora, Allahabad-412130",Gujarat,2023-09-19,24K,Premium,360.966,6958.64,2511832.45,3.08,77364.44,2434468.01,Bank Transfer,
Taimur Bhagat,+915490725190,hbedi@example.net,"91/455, Srinivas Ganj, Udaipur 953644",Rajasthan,2023-07-19,18K,Pure,60.777,5392.94,327766.71,2.6,8521.93,319244.78,UPI,
Gatik Raja,03390544910,utoor@example.net,"100, Shroff Marg, Sirsa-853824",West Bengal,2024-08-22,22K,Standard,170.846,6150.24,1050743.9,1.15,12083.55,1038660.35,Cash,
Jivika Bahl,03334809758,dgarde@example.com,"12/450, Varkey Chowk, Kalyan-Dombivli 751449",Karnataka,2023-06-22,18K,Standard,712.498,6558.43,4672868.26,4.46,208409.92,4464458.34,UPI,
Diya Krishnamurthy,03676781937,iiyer@example.org,"34, Madan Ganj, Nizamabad 465366",Maharashtra,2024-04-21,18K,Pure,847.658,5214.41,4420036.35,2.99,132159.09,4287877.26,Card,Est adipisci nihil eum possimus.
Armaan Venkataraman,3298299962,ksethi@example.com,"H.No. 458, Garg, Visakhapatnam-322284",Andhra Pradesh,2024-03-02,22K,Premium,160.952,6090.67,980305.52,3.55,34800.85,945504.67,UPI,
Aarush Upadhyay,+915170493641,shalvbose@example.com,"H.No. 55, Rama Nagar, Jhansi 810182",Kerala,2023-12-09,18K,Pure,670.064,6335.33,4245076.56,4.79,203339.17,4041737.39,Card,
Prisha Deshmukh,+915749720917,kotaakarsh@example.com,"H.No. 68, Krish Nagar, Meerut-651296",Tamil Nadu,2024-02-06,22K,Standard,286.064,5231.84,1496641.08,0.74,11075.14,1485565.94,Cash,
Kavya Goel,3223162492,sarinvritika@example.net,"79/097, Trivedi Chowk, Nagpur-876508",Telangana,2023-09-01,18K,Standard,163.959,5527.21,906235.82,4.39,39783.75,866452.07,UPI,
Armaan Solanki,6321550745,urvi20@example.net,"10/714, Kaul Marg, Mehsana 522802",Karnataka,2025-03-08,18K,Pure,759.793,6093.09,4629487.13,1.11,51387.31,4578099.82,UPI,
Zaina Ramesh,08672246750,manikyagaba@example.org,"H.No. 16, Ramanathan Ganj, Indore-611909",Gujarat,2025-02-22,24K,Premium,853.264,6034.19,5148757.1,1.0,51487.57,5097269.53,Card,
Vihaan Krishnamurthy,+914283375960,zaramagar@example.com,"25, Virk Marg, Amaravati-591045",Rajasthan,2024-09-29,18K,Pure,735.513,6680.49,4913587.24,0.38,18671.63,4894915.61,Cash,
Yakshit Basu,07095535208,yasmin75@example.net,"78/94, Venkatesh Street, Kumbakonam 060172",Rajasthan,2023-12-12,22K,Standard,794.631,6541.24,5197872.08,2.79,145020.63,5052851.45,UPI,Quae aspernatur suscipit harum.
Samar Ahuja,4059411551,inaaya-verma@example.net,"681, Dhar, Saharanpur-670041",Kerala,2024-12-29,24K,Premium,96.731,6308.8,610256.53,3.01,18368.72,591887.81,UPI,
Purab Bedi,8255018330,ktara@example.net,"70/311, Bhavsar Ganj, Purnia-045790",Gujarat,2024-07-13,24K,Premium,31.248,6509.81,203418.54,3.61,7343.41,196075.13,Card,Aspernatur ducimus magnam quidem dicta voluptatibus.
Aayush Yogi,+912496965137,manjaribhagat@example.com,"86/956, Ganesan Nagar, Motihari-805022",Delhi,2023-12-12,18K,Standard,593.163,6656.1,3948152.24,4.99,197012.8,3751139.44,Card,
Rania Rau,+919555448991,hmander@example.com,"742, Golla Path, Ratlam 601552",West Bengal,2024-12-08,18K,Premium,33.745,6638.88,224029.01,2.28,5107.86,218921.15,Cash,
Vivaan Batta,+911934080106,kkannan@example.org,"H.No. 494, Uppal Ganj, Singrauli 919949",Kerala,2025-05-07,22K,Standard,198.489,5300.27,1052045.29,4.32,45448.36,1006596.93,Cash,Accusamus vel vero dolorem eos consequatur assumenda.
Anvi Kala,6979436094,keyakapadia@example.com,"08/54, Doshi Road, Erode 061188",Karnataka,2024-09-29,22K,Premium,295.915,6899.14,2041559.01,2.33,47568.32,1993990.69,UPI,
Himmat Rout,04651375901,khushiupadhyay@example.com,"H.No. 293, Shan Nagar, Guntur 831392",Maharashtra,2023-08-14,18K,Premium,184.151,5395.61,993606.98,4.44,44116.15,949490.83,Card,
Abram Swaminathan,+913194392883,gulatimamooty@example.net,"H.No. 108, Sachdeva Ganj, Kalyan-Dombivli-876560",Tamil Nadu,2023-06-15,22K,Premium,108.176,6223.65,673249.56,0.95,6395.87,666853.69,Cash,
Eshani Basak,+912345798620,saira43@example.net,"01, Kapadia Zila, Sonipat 241697",Karnataka,2024-06-10,18K,Premium,727.823,5220.46,3799570.86,2.66,101068.58,3698502.28,Bank Transfer,Non beatae temporibus similique.
Ehsaan Goswami,+919394576780,charvibrar@example.com,"17, Sura Street, Kolhapur 677734",Rajasthan,2024-06-16,24K,Pure,135.251,6475.77,875854.37,0.56,4904.78,870949.59,Card,
Tushar Krishna,00308150759,khushi09@example.net,"94/229, Majumdar, Satna 984868",Maharashtra,2023-07-15,22K,Pure,222.262,5672.08,1260687.84,2.41,30382.58,1230305.26,UPI,
Vardaniya Vora,+917109112511,trisha44@example.net,"39, Bansal Ganj, Silchar 356312",Andhra Pradesh,2024-08-13,22K,Pure,752.315,5631.39,4236579.17,0.76,32198.0,4204381.17,Card,
Indrans Raval,4560067379,abramhora@example.net,"H.No. 473, Mani Marg, Udaipur-634006",Karnataka,2023-12-15,22K,Pure,42.741,5353.4,228809.67,4.24,9701.53,219108.14,Cash,
Suhana Kapadia,01041715666,neelofar01@example.org,"373, Sandhu Street, Rajkot 001570",West Bengal,2024-03-29,18K,Pure,94.542,5609.16,530301.2,0.59,3128.78,527172.42,Bank Transfer,
Sumer Ranganathan,01155535492,rattanrati@example.org,"89, Yohannan Ganj, Bhusawal 464145",Delhi,2024-08-11,18K,Standard,918.262,6977.06,6406769.07,0.63,40362.65,6366406.42,Cash,
Krish Dass,+914753500097,charvi70@example.org,"606, Sood Zila, Srinagar 647340",Gujarat,2024-11-22,18K,Premium,728.746,6345.46,4624228.59,1.45,67051.31,4557177.28,Bank Transfer,Laborum reprehenderit ea sequi.
Umang Thaman,+913806362007,uthkarsh43@example.net,"81/687, Rana Path, Tirupati-654141",Andhra Pradesh,2025-02-25,24K,Standard,795.685,6321.11,5029612.41,1.66,83491.57,4946120.84,Bank Transfer,Fugit est sapiente iste dolores cumque.
Ira Dutta,3466729992,samarth14@example.com,"77/11, Yogi, Jodhpur-994956",West Bengal,2024-03-22,18K,Premium,911.159,5330.54,4856969.5,4.0,194278.78,4662690.72,Bank Transfer,
Mishti Tandon,01324941978,bakshiprerak@example.com,"77/88, Kota Zila, Noida 921529",Gujarat,2023-10-15,18K,Standard,657.085,5013.93,3294578.19,4.56,150232.77,3144345.42,Cash,
Jayant Bhattacharyya,09797534579,mohanlaldas@example.net,"24/316, Sami Circle, North Dumdum 771612",Gujarat,2025-01-13,22K,Pure,832.928,6920.03,5763886.75,0.56,32277.77,5731608.98,Cash,
Yashvi Ramakrishnan,+910496740308,lakshit24@example.org,"H.No. 890, Sachdev Path, Ichalkaranji 361983",Rajasthan,2023-06-01,22K,Premium,748.134,5154.24,3856062.19,1.7,65553.06,3790509.13,UPI,
Shaan Banerjee,08950392409,ivangupta@example.net,"H.No. 72, Bir Ganj, Bilaspur 762861",Tamil Nadu,2025-04-28,22K,Premium,121.797,5123.93,624079.3,4.39,27397.08,596682.22,Card,
Nakul Badal,+914124604544,ksule@example.org,"84/340, Chauhan Marg, Kulti-070129",Delhi,2025-01-06,22K,Standard,26.92,5154.23,138751.87,1.09,1512.4,137239.47,Cash,
Saira Varghese,+917344687795,cjayaraman@example.net,"487, Kanda Circle, Morena-798082",West Bengal,2023-07-02,22K,Pure,262.973,5015.86,1319035.75,1.02,13454.16,1305581.59,UPI,Voluptatem voluptatibus doloremque commodi eius quasi et.
Dharmajan Sankar,+917441341067,balayeva@example.org,"41/40, Deshmukh Marg, Kulti-910908",Telangana,2025-03-08,22K,Pure,299.379,6259.0,1873813.16,2.71,50780.34,1823032.82,Cash,
Seher Bhatt,+912340884305,samrabhavin@example.net,"53, Kata, Vijayanagaram-374825",Andhra Pradesh,2023-11-18,22K,Standard,537.544,6060.92,3258011.18,0.88,28670.5,3229340.68,Bank Transfer,
Priyansh Sankar,1703589343,sompriyansh@example.org,"93/86, Khalsa, Kakinada-695493",Andhra Pradesh,2025-01-19,22K,Pure,756.234,5327.18,4028594.64,3.22,129720.75,3898873.89,Card,
Mohanlal Soman,08171660815,seshadrinavya@example.com,"82/233, Dara Path, Siliguri-244157",Tamil Nadu,2023-10-20,22K,Premium,60.047,6039.87,362676.07,2.55,9248.24,353427.83,Bank Transfer,
Jiya Vala,+914291314295,kiara84@example.org,"H.No. 65, Gola Road, Motihari 597743",Telangana,2024-12-29,24K,Premium,683.494,6334.4,4329524.39,0.6,25977.15,4303547.24,Cash,
Ranbir Master,+912232064816,aaryahilanka@example.net,"H.No. 41, Balay Marg, Dharmavaram-418931",Tamil Nadu,2024-09-09,24K,Premium,64.148,6014.91,385844.45,2.24,8642.92,377201.53,UPI,
Pihu Doctor,2531743548,evatak@example.org,"081, Bhagat Street, Ballia 269493",Kerala,2023-09-11,18K,Standard,669.806,6149.35,4118871.53,3.96,163107.31,3955764.22,Cash,Consectetur fuga harum perspiciatis aspernatur ea assumenda odio.
Baiju Kota,04833819561,neelofarsaxena@example.org,"208, Dugar Marg, Kota-734081",Andhra Pradesh,2023-09-20,24K,Pure,745.001,5659.15,4216072.41,2.39,100764.13,4115308.28,UPI,A cum iusto dolores ipsam incidunt earum.
Indrans D’Alia,+917636628230,stuvan97@example.net,"20/644, Andra Street, Lucknow-109244",Maharashtra,2023-10-23,18K,Standard,142.219,5222.58,742750.11,1.01,7501.78,735248.33,UPI,
Alisha Golla,3371531554,rkapadia@example.net,"H.No. 21, Sen Road, Kalyan-Dombivli-299634",Tamil Nadu,2024-12-06,24K,Premium,159.405,5374.57,856733.33,0.45,3855.3,852878.03,UPI,
Mishti Sabharwal,00402057131,biswasreyansh@example.net,"H.No. 625, Ratti Zila, Cuttack-298893",Tamil Nadu,2023-12-17,18K,Premium,941.134,6685.27,6291734.9,0.85,53479.75,6238255.15,UPI,
Onkar Chauhan,05672154431,taransachdev@example.com,"H.No. 204, Barman Nagar, Udaipur-769940",Kerala,2025-05-09,22K,Pure,607.598,6846.22,4159749.58,4.43,184276.91,3975472.67,UPI,Ducimus ipsa corporis.
Abram Keer,2547399742,parinaaz92@example.org,"09/115, Sant Zila, Korba-477347",Kerala,2023-06-14,18K,Pure,314.697,6851.81,2156244.05,0.88,18974.95,2137269.1,Card,
Kimaya Mammen,+916589656387,zara82@example.org,"H.No. 186, Singhal Nagar, Karaikudi-143404",Kerala,2025-05-12,18K,Pure,30.097,6857.03,206376.03,3.92,8089.94,198286.09,Bank Transfer,Illum ea ut.
Saira Choudhury,04616055928,tarini74@example.org,"63/942, Mangal Street, Mathura 749752",Telangana,2025-03-26,18K,Pure,189.57,6778.81,1285059.01,0.02,257.01,1284802.0,Bank Transfer,
Kiara Dugar,+916442376056,rashadoctor@example.net,"H.No. 18, Dixit Zila, Nandyal 742506",Karnataka,2024-08-02,18K,Premium,578.621,5926.7,3429313.08,4.67,160148.92,3269164.16,Bank Transfer,Doloribus dolorem voluptatum accusantium et repudiandae quidem.
Amani Zacharia,05919846014,farhanrastogi@example.org,"908, Virk Ganj, Satna-972703",West Bengal,2025-04-07,24K,Pure,241.854,5877.86,1421583.95,2.69,38240.61,1383343.34,Bank Transfer,
Sahil Sarin,+912394355002,wallarenee@example.org,"H.No. 84, Bedi Nagar, Jamalpur-822907",West Bengal,2024-12-12,22K,Standard,951.188,6317.81,6009425.06,0.89,53483.88,5955941.18,UPI,
Onkar Gola,6673093389,xbava@example.org,"H.No. 736, Banerjee Street, Panvel 413655",Karnataka,2023-12-05,18K,Premium,723.582,5342.82,3865968.38,2.48,95876.02,3770092.36,Card,
Mehul Batta,+915089783918,madhup98@example.net,"H.No. 04, Mangal Chowk, Gaya 522010",Kerala,2025-03-17,18K,Standard,839.383,6795.37,5703918.06,0.78,44490.56,5659427.5,Cash,
Piya Vig,04944468397,madannirvaan@example.net,"H.No. 152, Hegde Marg, Guna 746880",West Bengal,2024-06-16,22K,Standard,310.494,5086.57,1579349.47,3.99,63016.04,1516333.43,Card,Quibusdam maxime accusamus debitis.
Azad Chaudhuri,+912708317796,jayan28@example.net,"23/513, Mallick Street, Raebareli-609504",West Bengal,2024-12-21,18K,Premium,949.005,5493.82,5213662.65,4.04,210631.97,5003030.68,UPI,
Reyansh Mander,2281448671,hazel28@example.net,"H.No. 65, Chad Street, Bally-476718",Delhi,2023-07-04,18K,Premium,929.815,5570.01,5179078.85,4.51,233576.46,4945502.39,Card,
Vedika Dalal,+917429293100,vchar@example.org,"28/53, Talwar Nagar, Thane 821752",Tamil Nadu,2025-04-07,22K,Pure,853.125,6130.47,5230057.22,4.27,223323.44,5006733.78,Cash,Laboriosam rerum libero eveniet eius consectetur deserunt voluptas.
Eva Joshi,08404523830,dhruvghose@example.com,"H.No. 44, Malhotra Ganj, Purnia-841814",Telangana,2024-03-13,24K,Premium,421.345,6336.58,2669886.3,2.84,75824.77,2594061.53,Cash,
Vritika Bobal,6094150361,desainehmat@example.org,"013, Warrior Road, Korba 032765",Rajasthan,2024-05-05,18K,Standard,293.699,5701.0,1674378.0,4.59,76853.95,1597524.05,Bank Transfer,
Umang Dutta,+910301533635,valayuvraj@example.org,"22/597, Lad Ganj, Alwar-616708",Tamil Nadu,2023-09-18,22K,Standard,795.447,5606.61,4459761.1,2.12,94546.94,4365214.16,Card,
Ahana  Sha,09421247568,umang49@example.net,"800, Sanghvi, Patna 298524",Maharashtra,2023-09-13,22K,Pure,751.611,6257.93,4703529.03,1.63,76667.52,4626861.51,UPI,
Vanya Tata,06819980430,indranilchoudhry@example.com,"78, Sampath Chowk, Nellore 297441",Gujarat,2025-01-11,22K,Standard,194.087,6921.23,1343320.77,3.06,41105.62,1302215.15,Cash,
Bhavin Jani,+919364948016,nirvi54@example.org,"816, Sur Path, Yamunanagar 592359",Rajasthan,2024-07-31,18K,Pure,216.572,5676.63,1229399.11,4.3,52864.16,1176534.95,UPI,Distinctio minima repellat possimus consequuntur voluptates.
Yuvraj  Sood,02822301691,jayeshgolla@example.org,"64, Rout Marg, Amaravati-677138",Tamil Nadu,2024-10-30,24K,Pure,182.307,6438.16,1173721.64,1.52,17840.57,1155881.07,Cash,
Bhavin Sarna,4471454918,vramachandran@example.com,"H.No. 341, Lall Chowk, Cuttack-280967",Maharashtra,2024-02-02,22K,Premium,210.775,5287.76,1114527.61,1.88,20953.12,1093574.49,Card,
Emir Krishna,+910710766387,aissac@example.org,"H.No. 10, Salvi Circle, Kottayam 068631",Tamil Nadu,2024-05-21,18K,Premium,155.539,5894.03,916751.53,3.75,34378.18,882373.35,Cash,
Yuvaan Kashyap,4235641168,krishnanpiya@example.com,"54/707, Chana Circle, Bhalswa Jahangir Pur-554905",Rajasthan,2024-03-29,24K,Pure,690.013,6074.0,4191138.96,0.59,24727.72,4166411.24,Card,
Adira Bail,04512810145,mahaladvika@example.net,"87/957, Baria Circle, Bangalore-999311",Tamil Nadu,2025-01-15,22K,Standard,643.177,6789.25,4366689.45,2.18,95193.83,4271495.62,Cash,Error fugit explicabo minima reiciendis est inventore.
Parinaaz Sengupta,+913198437715,benaarush@example.net,"H.No. 368, Balasubramanian Zila, Muzaffarnagar 372290",Maharashtra,2025-04-08,24K,Standard,258.85,6673.77,1727505.36,1.08,18657.06,1708848.3,Bank Transfer,
Tanya Borra,+914222968654,regefarhan@example.com,"355, Hari Chowk, Navi Mumbai 229853",Kerala,2024-01-09,18K,Pure,849.518,5872.15,4988497.12,1.8,89792.95,4898704.17,Card,Minus consectetur perferendis.
Drishya Jayaraman,5427944976,jivin86@example.org,"H.No. 02, Buch Circle, Purnia 288543",Kerala,2025-03-06,18K,Standard,630.068,5180.0,3263752.24,0.2,6527.5,3257224.74,UPI,
Manikya Kashyap,05246326369,cheriansamar@example.org,"H.No. 50, Kohli Marg, Navi Mumbai 328630",West Bengal,2024-06-17,24K,Pure,154.108,6238.49,961401.22,0.78,7498.93,953902.29,Bank Transfer,Magnam harum repellat molestias nisi voluptas.
Alia Kumer,07267889735,shrofffarhan@example.org,"686, Char Road, Naihati 272151",Tamil Nadu,2024-10-08,22K,Standard,511.506,5164.48,2641662.51,4.49,118610.65,2523051.86,Bank Transfer,Iusto fuga consequuntur distinctio maxime dolorum.
Faiyaz Balakrishnan,1182737381,yasmin26@example.net,"H.No. 078, Chatterjee Zila, Nanded-555611",Delhi,2023-11-20,24K,Premium,448.917,6393.29,2870056.57,3.67,105331.08,2764725.49,Cash,Voluptatem laboriosam explicabo quia asperiores.
Shalv Singhal,+914395781979,navya14@example.org,"H.No. 74, Kannan Ganj, Sambhal-102484",Gujarat,2024-10-02,24K,Standard,949.846,5572.44,5292959.84,0.68,35992.13,5256967.71,UPI,
Mishti Kar,07521332534,madhup09@example.net,"216, Kurian Circle, Kochi-375347",Rajasthan,2025-01-21,22K,Standard,887.905,5124.95,4550468.73,2.5,113761.72,4436707.01,Card,
Zoya Manda,08850041524,sarafmadhup@example.com,"H.No. 661, Deshpande Street, Chapra 559961",Maharashtra,2025-03-03,18K,Standard,789.483,6407.16,5058343.9,3.58,181088.71,4877255.19,UPI,Eligendi a perferendis est.
Alisha Rama,8752023282,gatik41@example.com,"H.No. 85, Dalal Marg, Dehri 790353",Karnataka,2024-08-06,22K,Standard,302.268,6942.0,2098344.46,4.89,102609.04,1995735.42,UPI,Recusandae provident laborum accusamus in sapiente.
Piya Sethi,8981163410,gerarasha@example.net,"H.No. 47, Varma Zila, Hyderabad 326526",West Bengal,2023-07-14,18K,Standard,458.699,6977.84,3200728.23,1.44,46090.49,3154637.74,Card,
Dhanush Cherian,01521356555,eshanikamdar@example.org,"H.No. 504, Keer Zila, Rohtak 297641",Karnataka,2023-11-03,24K,Premium,659.738,6629.95,4374029.95,1.92,83981.38,4290048.57,Bank Transfer,
Rania Dey,+918895329746,msahni@example.org,"44, Loke Zila, Tadipatri-533666",Karnataka,2023-06-30,22K,Pure,385.954,6928.22,2673974.22,0.73,19520.01,2654454.21,Bank Transfer,
Misha Chanda,+919609857816,baralseher@example.com,"072, Sehgal Road, Kirari Suleman Nagar 839487",Telangana,2025-03-30,18K,Pure,785.599,5246.71,4121810.13,2.79,114998.5,4006811.63,Card,
Advika Swaminathan,01445049986,esood@example.net,"19/240, Borah Zila, Allahabad 103074",Delhi,2024-01-31,22K,Premium,642.952,6061.84,3897472.15,2.85,111077.96,3786394.19,Bank Transfer,
Prerak Bali,+919557204943,adira78@example.net,"61/172, Hans Road, Bijapur-818972",Gujarat,2024-06-21,22K,Premium,368.722,5665.31,2088924.43,0.83,17338.07,2071586.36,UPI,
Shalv Keer,06061578649,nakul51@example.net,"H.No. 34, Bava Circle, Kirari Suleman Nagar 222715",Delhi,2024-07-24,24K,Pure,151.821,5605.82,851081.2,1.94,16510.98,834570.22,UPI,
Diya Vohra,00871423836,hbassi@example.org,"18/94, Krishna Zila, Bhalswa Jahangir Pur 492431",Tamil Nadu,2023-10-09,24K,Premium,229.601,5531.01,1269925.43,2.4,30478.21,1239447.22,Bank Transfer,
Divyansh Dewan,7047687894,ritvikbandi@example.net,"76/883, Lala Marg, Anantapuram-153719",Maharashtra,2024-07-07,22K,Pure,842.985,5236.12,4413970.62,3.15,139040.07,4274930.55,Card,
Renee Boase,03789838687,ritvikvarkey@example.org,"H.No. 31, Sampath Nagar, Nadiad-174034",Andhra Pradesh,2024-10-20,24K,Standard,877.102,5216.96,4575806.05,4.19,191726.27,4384079.78,UPI,
Neelofar Raval,+915303381711,reyansh52@example.org,"79/064, Setty Nagar, Machilipatnam-287045",Maharashtra,2024-02-10,22K,Standard,950.896,5124.81,4873161.33,2.61,127189.51,4745971.82,Card,
Khushi Savant,1359897565,ldayal@example.com,"222, Sarma, Coimbatore-607482",Delhi,2023-11-25,24K,Standard,706.546,5727.56,4046784.61,0.19,7688.89,4039095.72,UPI,
Onkar Lad,05027595831,armaan52@example.org,"22, Anne Path, Kamarhati-966074",West Bengal,2024-08-13,18K,Pure,751.181,5506.16,4136122.77,3.04,125738.13,4010384.64,Cash,Maxime vero doloremque laudantium blanditiis rerum debitis.
Stuvan Babu,09863345280,ramkartik@example.net,"237, Mahal Street, Berhampur-986992",Telangana,2025-01-07,24K,Standard,569.922,5564.26,3171194.19,2.04,64692.36,3106501.83,Cash,Eos sit ipsam repellendus tempore.
Anahita Sridhar,+915847731807,goswamizoya@example.net,"644, Sarkar Road, Gulbarga-620977",Delhi,2024-03-26,22K,Premium,799.282,6917.15,5528753.49,1.92,106152.07,5422601.42,Cash,
Heer Tandon,3745332342,fjayaraman@example.org,"H.No. 55, Kumar Path, Bellary-485689",Karnataka,2024-09-17,22K,Pure,125.959,6842.81,861913.5,1.97,16979.7,844933.8,Cash,
Lagan Sarin,03955311477,stuvangara@example.net,"590, Chopra Circle, Vadodara 032847",Delhi,2023-08-03,24K,Premium,961.332,5463.64,5252371.97,3.67,192762.05,5059609.92,Cash,
Rhea Kakar,+910920807205,neysakamdar@example.com,"81, Ganguly Street, Davanagere-360897",Karnataka,2025-02-03,24K,Pure,787.676,6493.95,5115128.56,4.75,242968.61,4872159.95,Cash,
Zara Kakar,08845604519,kondazain@example.net,"72/73, Doctor Street, Jalandhar 607108",Karnataka,2023-09-29,18K,Premium,991.547,5178.13,5134359.27,0.34,17456.82,5116902.45,UPI,Aliquam culpa dolore voluptate exercitationem consequuntur.
Diya Roy,+916230731266,tiya85@example.com,"H.No. 627, Tank Path, Miryalaguda 741613",Tamil Nadu,2024-01-28,18K,Pure,511.375,6811.23,3483092.74,2.01,70010.16,3413082.58,UPI,Repellat est nesciunt doloremque quae unde.
Prisha Hayer,06808154885,neelofardayal@example.com,"20/66, Kala Street, Khammam 315586",Karnataka,2024-12-12,22K,Standard,439.601,5327.75,2342084.23,2.55,59723.15,2282361.08,Cash,Maxime fugit veritatis ut.
Anika Bali,+912988652384,qdey@example.com,"H.No. 42, Grewal Zila, Delhi 106674",Kerala,2023-08-21,22K,Pure,316.003,6458.87,2041022.3,2.81,57352.73,1983669.57,Bank Transfer,Inventore laudantium ex maxime modi aspernatur.
Gatik Rout,6704427555,buchdrishya@example.net,"392, Bajwa Path, Maheshtala 567669",Tamil Nadu,2025-03-16,22K,Premium,773.313,6242.87,4827692.53,0.53,25586.77,4802105.76,Card,Autem repellendus cupiditate minus minima ab maxime.
Arnav Brar,+914334757979,zeeshanseth@example.net,"21/488, Taneja Marg, Ujjain 527576",Gujarat,2024-09-20,24K,Standard,142.817,6292.17,898628.84,0.4,3594.52,895034.32,Card,
Sumer Gara,3053739915,nwagle@example.com,"75, Iyer Nagar, Mirzapur-112181",Rajasthan,2023-11-25,18K,Premium,677.03,5813.27,3935758.19,2.78,109414.08,3826344.11,UPI,
Veer Ben,+913816889277,armaan96@example.net,"00, Saraf Zila, Tiruvottiyur-157335",Karnataka,2024-03-28,24K,Premium,395.012,5549.38,2192071.69,2.57,56336.24,2135735.45,Bank Transfer,
Shaan Ratti,+910197464959,schadha@example.org,"H.No. 46, Kakar Marg, Shahjahanpur 339495",Delhi,2023-09-04,18K,Standard,164.405,6146.98,1010594.25,1.86,18797.05,991797.2,Card,
Vardaniya Sawhney,8408856763,bariareyansh@example.net,"61/596, Vaidya Zila, Ulhasnagar-352167",Karnataka,2023-10-17,22K,Standard,123.516,6407.9,791478.18,1.6,12663.65,778814.53,Bank Transfer,Inventore eveniet aperiam eum exercitationem quibusdam.
Abram Rao,+911904125476,kbala@example.net,"80/54, Dugar Road, Ghaziabad-527658",Kerala,2025-01-08,22K,Standard,28.777,5805.2,167056.24,3.65,6097.55,160958.69,UPI,
Advik Chanda,01881846306,elakshi80@example.net,"446, Khanna Path, Ramagundam 480102",Telangana,2023-12-03,18K,Standard,158.546,6323.07,1002497.46,3.23,32380.67,970116.79,Card,
Hiran Saini,6813885368,osahota@example.com,"H.No. 628, Saraf Nagar, Nagercoil 757713",Rajasthan,2023-08-18,22K,Premium,136.732,6538.66,894044.06,4.4,39337.94,854706.12,Bank Transfer,
Aarna Sangha,7487937264,msunder@example.net,"H.No. 71, Rege Street, Anantapuram-109482",Maharashtra,2024-12-09,22K,Premium,848.846,5676.92,4818830.83,4.11,198053.95,4620776.88,Bank Transfer,
Advik Hans,05661807894,azadgera@example.org,"11/750, Sarna Nagar, Gopalpur 471180",Tamil Nadu,2025-04-03,24K,Premium,217.167,6889.47,1496165.53,1.42,21245.55,1474919.98,Bank Transfer,
Himmat Choudhary,02738098659,anaya73@example.org,"H.No. 13, Shah Nagar, Gurgaon-041800",Andhra Pradesh,2023-11-19,22K,Pure,468.109,5924.52,2773321.13,0.33,9151.96,2764169.17,Bank Transfer,
Rhea Thakur,05157248624,kavya47@example.org,"653, Shah Path, Kolkata-409802",Kerala,2023-06-23,24K,Premium,122.952,5500.17,676256.9,1.58,10684.86,665572.04,Cash,
Eshani Rattan,+910081115681,valaraghav@example.net,"H.No. 45, Joshi Marg, Serampore 080615",Gujarat,2023-12-28,24K,Standard,8.924,5172.08,46155.64,0.81,373.86,45781.78,UPI,Explicabo dolorem a debitis cum at.
Tanya Chokshi,+913171527955,csavant@example.com,"43/03, Jhaveri Path, Rohtak 792191",Maharashtra,2024-01-06,22K,Premium,874.181,5420.84,4738795.33,3.32,157328.0,4581467.33,Card,
Krish Zachariah,4265188579,raysaanvi@example.com,"04/917, Ramakrishnan Marg, Tenali-598537",Rajasthan,2023-06-26,24K,Premium,247.599,5611.44,1389386.93,2.85,39597.53,1349789.4,Bank Transfer,
Dhruv Loke,+913733607669,psani@example.com,"26/309, Bhakta Ganj, Naihati-563202",Gujarat,2025-05-26,24K,Premium,247.518,6294.25,1557940.17,1.51,23524.9,1534415.27,Card,
Prerak Sama,3567321331,jhanvikhatri@example.net,"H.No. 276, Sarin Road, Karawal Nagar 677319",Delhi,2024-11-07,18K,Pure,875.082,6790.01,5941815.53,1.4,83185.42,5858630.11,Card,
Vidur Guha,9299652959,ibiswas@example.net,"912, Bhalla Circle, Pudukkottai 980942",Kerala,2025-02-01,22K,Standard,514.907,5192.82,2673819.37,4.84,129412.86,2544406.51,Cash,
Nayantara Chaudhry,7886674999,ela33@example.com,"275, Grewal, Davanagere-772709",Maharashtra,2025-02-25,18K,Premium,455.627,5135.23,2339749.44,1.96,45859.09,2293890.35,Bank Transfer,
Onkar Gara,3366274319,aaravraman@example.com,"H.No. 51, Sachdeva Nagar, Mathura 520895",Gujarat,2024-11-08,22K,Premium,574.411,5639.39,3239327.65,2.11,68349.81,3170977.84,Card,
Akarsh Saha,3934150612,fvala@example.com,"01/85, Ramaswamy Circle, Amravati 516113",Rajasthan,2024-08-03,22K,Pure,224.569,6729.05,1511136.03,0.66,9973.5,1501162.53,Card,Consectetur fugit quam officia quibusdam.
Pari Raja,9883611780,luthratanya@example.com,"H.No. 94, Kala Road, Satna-709021",Rajasthan,2025-05-17,18K,Standard,125.489,6899.74,865841.47,3.38,29265.44,836576.03,Card,Voluptatem sunt excepturi hic.
Taimur Agarwal,2421273514,anaya00@example.org,"90/313, Bir Street, Kavali 648940",West Bengal,2024-03-16,24K,Premium,300.347,6366.23,1912078.08,0.56,10707.64,1901370.44,UPI,
Himmat Ahluwalia,+917343506547,rajagopalanyasmin@example.com,"27, Hayre Nagar, Amravati-000808",Rajasthan,2025-01-23,18K,Pure,110.717,5554.12,614935.5,1.1,6764.29,608171.21,UPI,Voluptas nulla ipsam quos nobis accusantium maiores.
Krish Jaggi,1249877961,sehgalmishti@example.net,"H.No. 36, Batta Zila, Udupi 213938",Karnataka,2023-11-08,24K,Standard,759.75,6378.59,4846133.75,0.81,39253.68,4806880.07,Bank Transfer,
Romil Thakkar,3359766290,guhaanaya@example.org,"763, Arya Zila, Bulandshahr-606766",Karnataka,2024-12-02,22K,Pure,822.072,6385.4,5249258.55,2.92,153278.35,5095980.2,UPI,
Nirvi Verma,01051001526,zwali@example.net,"967, Bajaj Street, Guntakal 064590",Maharashtra,2023-08-13,18K,Premium,835.256,6479.97,5412433.82,2.82,152630.63,5259803.19,Card,
Kaira Choudhry,+916930024765,charjivika@example.com,"24, Contractor Path, Ahmednagar-143533",Gujarat,2024-03-30,18K,Premium,39.797,5987.08,238267.82,1.07,2549.47,235718.35,Card,
Aarav Mander,2496723745,alia87@example.net,"23, Baria, Kharagpur 560197",Karnataka,2023-12-19,24K,Premium,12.954,5613.81,72721.29,4.57,3323.36,69397.93,Bank Transfer,
Sahil Balakrishnan,03529108332,urvicherian@example.com,"62, Ratta Road, Salem-211339",Delhi,2024-04-01,22K,Standard,773.029,6389.53,4939291.99,3.96,195595.96,4743696.03,Bank Transfer,
Aaina Gupta,00108978021,chanataimur@example.org,"H.No. 39, Chander Zila, Giridih 608554",Rajasthan,2024-01-27,24K,Pure,750.028,5391.68,4043910.97,0.17,6874.65,4037036.32,UPI,Sint sed ex qui dolores.
Manikya Setty,+917034729312,badal07@example.org,"53, Acharya Ganj, Srinagar-705150",Tamil Nadu,2024-11-29,24K,Premium,345.789,5162.64,1785184.12,3.38,60339.22,1724844.9,Cash,
Jayan Lalla,07896508768,anvi98@example.org,"753, Majumdar Marg, Maheshtala-079784",Gujarat,2023-12-09,22K,Premium,203.673,6741.45,1373051.35,2.87,39406.57,1333644.78,Cash,Eligendi itaque laudantium.
Aarna Datta,+919327416434,mehulbehl@example.net,"06/780, Sood Circle, Suryapet-828535",Rajasthan,2024-08-01,22K,Standard,768.108,5207.42,3999860.96,3.32,132795.38,3867065.58,Cash,
Manikya Loyal,01036597451,prishadevan@example.net,"528, Hayer Zila, Pudukkottai 924669",Delhi,2024-11-30,22K,Pure,443.386,6711.14,2975625.52,0.01,297.56,2975327.96,Card,Voluptatum fugit itaque eligendi libero quos cumque.
Vivaan Manda,+911703795987,xsrinivas@example.org,"78/287, Lad Chowk, Jalandhar 675171",Maharashtra,2024-07-07,18K,Pure,748.27,5613.36,4200308.89,3.79,159191.71,4041117.18,Bank Transfer,
Arnav Yadav,03432885479,bathehsaan@example.org,"18, Samra Path, Avadi-501809",Maharashtra,2024-02-11,24K,Standard,374.401,5976.65,2237663.74,4.62,103380.06,2134283.68,Cash,
Saanvi Batra,3205949232,anika40@example.net,"66/251, Gopal Circle, Narasaraopet-035985",Tamil Nadu,2023-07-03,18K,Standard,44.192,6014.12,265775.99,1.72,4571.35,261204.64,Card,Reprehenderit deleniti velit quod asperiores dolores provident.
Zeeshan Lad,4678884126,deynishith@example.com,"38/271, Kapoor Nagar, Vijayanagaram 977057",Telangana,2024-01-02,24K,Pure,210.216,5002.16,1051534.07,0.47,4942.21,1046591.86,Cash,Laboriosam aperiam dolor quibusdam.
Akarsh Kumar,+919699115960,geravedika@example.net,"682, Edwin Path, Eluru 519741",Telangana,2025-03-01,22K,Premium,809.883,5100.76,4131018.81,0.12,4957.22,4126061.59,Card,
Rohan Malhotra,7853708188,zgulati@example.net,"H.No. 14, Shukla Zila, Vasai-Virar-756206",Andhra Pradesh,2024-08-10,24K,Standard,218.126,5216.83,1137926.26,3.37,38348.11,1099578.15,Card,
Romil Bera,0626324730,aliasahota@example.net,"958, Kapoor Road, Mahbubnagar-849447",Karnataka,2025-01-13,18K,Pure,964.777,5871.29,5664485.55,0.16,9063.18,5655422.37,Bank Transfer,
Tara Dhingra,1697407002,nirvidalia@example.com,"H.No. 742, Dasgupta Circle, Pune 855691",Tamil Nadu,2025-01-05,22K,Pure,950.077,5052.06,4799846.01,3.62,173754.43,4626091.58,Cash,
Ayesha Borde,+914516386039,sumerchana@example.net,"36, Kumar Road, Malegaon-855824",Karnataka,2024-08-11,24K,Pure,604.943,6153.57,3722559.1,3.76,139968.22,3582590.88,Bank Transfer,
Vaibhav Devan,09507314458,wsur@example.com,"88, Ghosh Zila, Pondicherry 433348",Maharashtra,2023-11-04,22K,Pure,481.238,6309.72,3036477.03,3.21,97470.91,2939006.12,Card,
Lagan Comar,5981073903,sahilanand@example.com,"H.No. 863, Chaudhuri Chowk, Ambala-198914",Rajasthan,2025-05-06,24K,Premium,941.326,5494.92,5172511.06,1.88,97243.21,5075267.85,Cash,
Aniruddh Aggarwal,+912056487655,qshah@example.net,"H.No. 179, Saxena Path, Jorhat 890406",Kerala,2025-01-12,18K,Premium,261.349,6035.79,1577447.68,4.76,75086.51,1502361.17,UPI,Quam culpa atque quidem dolorem doloremque ducimus.
Myra Gola,05760313938,hridaan28@example.com,"06, Khosla Zila, Rampur 745425",West Bengal,2023-06-13,22K,Premium,213.4,6651.5,1419430.1,3.63,51525.31,1367904.79,Cash,
Divij Grover,3785176233,aradhya75@example.com,"H.No. 787, Sankar Nagar, Etawah-460225",Gujarat,2024-08-03,22K,Pure,52.387,6089.24,318997.02,2.34,7464.53,311532.49,UPI,
Krish Sem,02791922139,iyengarzain@example.com,"10, Bhatt Circle, Bettiah-232231",Andhra Pradesh,2023-09-21,22K,Pure,32.705,5454.22,178380.27,0.52,927.58,177452.69,Card,
Ehsaan Kurian,07949242831,indrans73@example.org,"67, Bala Road, Suryapet 713460",Tamil Nadu,2023-09-13,18K,Pure,475.155,5904.93,2805757.01,3.93,110266.25,2695490.76,Card,
Raghav Gola,03480134846,mhayre@example.org,"H.No. 47, Uppal Nagar, Begusarai-706947",Tamil Nadu,2025-01-14,22K,Pure,774.891,6020.0,4664843.82,2.14,99827.66,4565016.16,Cash,
Taimur Kade,02346772529,koshynirvi@example.net,"H.No. 28, Handa Street, Hosur-489287",Rajasthan,2024-12-03,24K,Pure,354.563,5295.64,1877638.01,3.98,74729.99,1802908.02,Card,Voluptate asperiores adipisci qui libero quaerat voluptate.
Raunak Chaudhari,+912020107535,divijreddy@example.org,"92, Thaker Zila, Guwahati-889026",Kerala,2023-11-08,22K,Premium,115.944,5402.34,626368.91,4.3,26933.86,599435.05,Card,Amet fugiat vel quos repellendus.
Anahita Mand,03520368240,prerak13@example.com,"H.No. 874, Bhattacharyya Road, Sikar 407051",Maharashtra,2024-08-19,22K,Pure,552.207,5594.36,3089244.75,2.74,84645.31,3004599.44,Card,
Rania Setty,+918225158242,stuvan07@example.com,"869, Divan Ganj, Jamnagar-438214",Kerala,2025-03-05,22K,Pure,846.968,6711.75,5684637.47,3.41,193846.14,5490791.33,Bank Transfer,Perspiciatis doloremque saepe nemo aperiam nesciunt.
Alisha Gour,+915999449042,msani@example.com,"52/57, Gour Road, Muzaffarpur 688295",Andhra Pradesh,2025-04-21,22K,Pure,624.795,5187.56,3241161.55,0.26,8427.02,3232734.53,Card,Magnam praesentium voluptates quos repudiandae facilis necessitatibus.
Miraya Kalita,02520209067,aarnachaudhry@example.org,"H.No. 35, Savant Road, Eluru-559350",Kerala,2025-02-08,22K,Standard,394.291,6086.35,2399793.03,0.76,18238.43,2381554.6,Bank Transfer,
Ishita Bakshi,7467560461,jivin61@example.org,"88/93, Mani Zila, Guntakal-988512",Delhi,2025-03-09,22K,Premium,508.331,5142.01,2613843.09,1.56,40775.95,2573067.14,Bank Transfer,Sit veniam rem laboriosam nostrum optio.
Kartik Bora,09219198418,indransmangal@example.net,"49/111, Desai Road, Bokaro-382201",West Bengal,2025-05-04,22K,Pure,351.435,5014.24,1762179.43,0.85,14978.53,1747200.9,Cash,
Elakshi Hari,+912680861413,hbiswas@example.org,"799, Dar Road, Chittoor 379646",Tamil Nadu,2024-01-01,18K,Pure,96.407,5933.15,571997.19,4.0,22879.89,549117.3,Bank Transfer,Quia pariatur est.
Damini Bhatti,6075436059,sara21@example.com,"95/134, Mallick Chowk, Sambhal 160012",West Bengal,2024-06-04,18K,Premium,732.441,6538.94,4789387.75,2.17,103929.71,4685458.04,Card,
Yashvi Ramachandran,+914694898444,krishde@example.net,"32/85, Varty Path, Unnao-267783",Telangana,2024-04-17,18K,Premium,230.765,5974.29,1378657.03,1.36,18749.74,1359907.29,UPI,Deserunt excepturi labore minima.
Jayan Karan,9737554443,ashenoy@example.org,"90, Bakshi Marg, Panipat-135294",Andhra Pradesh,2024-07-05,24K,Standard,207.232,6470.26,1340844.92,3.24,43443.38,1297401.54,Card,
Yashvi Vasa,+911326531595,hunarkara@example.com,"H.No. 897, Mangal Marg, Dindigul 960011",Kerala,2025-01-02,24K,Premium,235.546,5115.45,1204923.79,4.06,48919.91,1156003.88,Card,Dolorum quisquam architecto necessitatibus praesentium facilis corrupti.
Kaira Trivedi,4548233789,gatik23@example.net,"63, Varkey Circle, Raipur-265727",Rajasthan,2023-12-31,18K,Premium,771.4,5950.05,4589868.57,2.94,134942.14,4454926.43,Cash,
Ira Sundaram,06888611893,mohanlal30@example.org,"15, Chandra Nagar, Amroha-211768",Rajasthan,2025-01-24,18K,Premium,308.367,6865.14,2116982.63,2.7,57158.53,2059824.1,Card,
Hunar Suresh,+916133628923,divyansh00@example.net,"H.No. 006, Bhagat Zila, Indore 524093",Tamil Nadu,2023-11-24,22K,Standard,391.303,6283.84,2458885.44,2.54,62455.69,2396429.75,Bank Transfer,Quis iste iusto esse.
Mamooty Barad,1948408926,vramanathan@example.com,"H.No. 529, Sahni Road, Jaunpur 458643",Maharashtra,2024-11-26,22K,Premium,443.754,6468.25,2870311.81,2.66,76350.29,2793961.52,UPI,Eius facilis ab cum architecto.
Advika Shan,+915639602378,kaira21@example.org,"H.No. 064, Brar Chowk, Agartala 253890",Delhi,2025-03-30,24K,Pure,416.824,6070.14,2530180.04,2.39,60471.3,2469708.74,Bank Transfer,
Zeeshan Shah,3567620275,neysa47@example.net,"253, Cherian Marg, Serampore 193042",Kerala,2023-08-09,18K,Standard,460.892,6790.83,3129839.22,0.96,30046.46,3099792.76,UPI,
Tushar Hans,3665794723,ivandeep@example.net,"60, Shetty Street, Chittoor 697800",West Bengal,2024-10-03,24K,Premium,457.321,6706.09,3066835.78,0.57,17480.96,3049354.82,UPI,Id quis ullam dolores iusto sit dolorum quo.
Dishani Kakar,06804171039,beratanya@example.org,"H.No. 802, Malhotra Marg, Kirari Suleman Nagar 010816",Maharashtra,2025-03-16,18K,Pure,738.893,5332.56,3940191.26,0.12,4728.23,3935463.03,UPI,
Ivan Bhatti,08425257042,sridharmadhav@example.com,"28, Sabharwal Street, Adoni-140041",Delhi,2024-12-24,24K,Premium,567.975,6033.25,3426735.17,2.62,89780.46,3336954.71,Card,Culpa debitis vel et.
Saira Karnik,+915447235965,heer31@example.com,"38, Kadakia Road, Saharsa-644755",Gujarat,2024-10-24,24K,Premium,712.983,6419.21,4576787.6,1.1,50344.66,4526442.94,Cash,Aperiam quo esse earum.
Lavanya Barad,+916413588823,wbaria@example.org,"093, Magar Ganj, Miryalaguda-436084",Andhra Pradesh,2023-08-23,18K,Pure,784.616,6854.33,5378016.99,2.78,149508.87,5228508.12,Bank Transfer,
Damini Rau,01076605612,desaidhanuk@example.com,"76/140, Goswami Path, Sirsa 406055",West Bengal,2024-09-26,22K,Pure,443.66,6863.24,3044945.06,1.29,39279.79,3005665.27,Cash,
Ryan Sura,+919359806617,prishamagar@example.org,"H.No. 16, Jain Road, Asansol 194997",West Bengal,2024-02-08,22K,Premium,641.912,5691.52,3653454.99,3.31,120929.36,3532525.63,Bank Transfer,Voluptate molestiae accusamus ut blanditiis rem.
Shlok Jha,+914510187563,keerfateh@example.com,"41/58, Dara, Siliguri-296709",Tamil Nadu,2024-08-20,22K,Premium,433.08,5385.36,2332291.71,2.93,68336.15,2263955.56,Bank Transfer,Distinctio rem velit ratione porro doloremque.
Samaira Gill,+914190276005,kaira31@example.com,"177, Andra Chowk, Bidhannagar 792451",Tamil Nadu,2025-04-27,22K,Pure,147.483,6064.36,894390.01,2.35,21018.17,873371.84,Bank Transfer,
Inaaya  Mane,9874084937,buchgatik@example.org,"H.No. 830, Shanker Marg, Mira-Bhayandar-532942",Rajasthan,2024-01-07,24K,Premium,885.745,5097.34,4514943.42,3.8,171567.85,4343375.57,Cash,
Dhruv Taneja,00282345588,ybansal@example.org,"35/320, Mane Path, Kishanganj-654374",Rajasthan,2024-02-02,24K,Pure,925.98,5904.02,5467004.44,3.75,205012.67,5261991.77,Cash,
Anaya Vasa,9400667552,neelofar97@example.com,"62, Lata Marg, Aizawl-678466",Kerala,2024-06-01,22K,Premium,830.858,5811.36,4828414.95,0.51,24624.92,4803790.03,Card,
Taran Bhasin,+912109571157,neysa74@example.net,"08/345, Dalal Road, Cuttack 684137",Kerala,2025-01-01,22K,Standard,749.722,5316.36,3985792.05,1.74,69352.78,3916439.27,UPI,
Nitara Sarna,+912047667782,seher01@example.org,"79/28, Contractor Ganj, Madhyamgram 247482",Karnataka,2025-05-16,22K,Standard,11.498,5485.01,63066.64,3.28,2068.59,60998.05,UPI,
Ira Sarin,08600193211,kchaudhuri@example.org,"84/88, Desai, Kolkata-579903",Maharashtra,2024-04-29,24K,Pure,120.966,6333.32,766116.39,1.08,8274.06,757842.33,UPI,
Advik Sharaf,3408643486,aniruddhdave@example.org,"358, Borde Road, Sambhal 834711",Andhra Pradesh,2024-09-29,24K,Pure,394.574,6890.84,2718946.3,2.93,79665.13,2639281.17,UPI,
Anvi Sampath,+912262395661,veersehgal@example.net,"H.No. 956, Lala Chowk, Kanpur-822257",Gujarat,2025-01-29,22K,Premium,136.138,5959.69,811340.28,3.9,31642.27,779698.01,Bank Transfer,
Chirag Gola,+916897179154,samairabahri@example.net,"905, Din Street, Solapur-888658",Telangana,2024-10-10,24K,Pure,107.004,6438.44,688938.83,2.32,15983.38,672955.45,Cash,Vero fuga sapiente iste culpa esse distinctio.
Yuvaan Ramanathan,+919758150294,indrajitkurian@example.net,"H.No. 87, Tailor Marg, Bhiwani 279219",Tamil Nadu,2024-01-05,18K,Standard,837.015,5190.41,4344451.03,3.05,132505.76,4211945.27,UPI,
Ishaan Divan,+911165820855,tusharaurora@example.net,"68/17, Din Marg, Silchar-914033",West Bengal,2023-10-10,18K,Standard,275.437,5137.96,1415184.29,3.18,45002.86,1370181.43,UPI,Est odio aliquid eveniet optio.
Kabir Bhatti,7664000649,wsaxena@example.org,"H.No. 10, Varkey, Pune 438647",Rajasthan,2025-01-07,18K,Premium,866.053,6693.0,5796492.73,1.85,107235.12,5689257.61,UPI,Molestias illo ex autem iste nam officiis.
Prisha Sahota,0800692043,seshadriaarush@example.org,"099, Bhatti Path, Bhiwandi 150122",Andhra Pradesh,2023-06-15,24K,Standard,932.944,5355.85,4996708.12,4.74,236843.96,4759864.16,UPI,
Riya Keer,1732699606,ehsaanbhavsar@example.org,"H.No. 26, Sundaram Path, Akola 147312",Rajasthan,2024-08-23,22K,Standard,594.971,5144.19,3060643.87,2.36,72231.2,2988412.67,Cash,
Myra Ratti,05911909434,evarma@example.com,"H.No. 21, Sangha Ganj, Haldia-856364",Maharashtra,2023-10-26,24K,Premium,862.71,5361.68,4625574.95,4.63,214164.12,4411410.83,Card,
Jiya Batta,2541503281,charvigara@example.net,"41/919, Rastogi Road, Moradabad 865870",Telangana,2024-08-21,18K,Pure,480.172,6995.16,3358879.97,0.91,30565.81,3328314.16,Card,Nostrum corrupti pariatur commodi doloremque quaerat.
Shanaya Kapoor,3845366368,dchacko@example.net,"42/33, Cheema Marg, Etawah-983732",Gujarat,2024-03-20,18K,Standard,621.702,6845.01,4255556.41,0.85,36172.23,4219384.18,Bank Transfer,
Diya Baral,+910772454984,neysabarad@example.org,"97/25, Walia Road, Rajkot-495702",Telangana,2024-05-16,24K,Standard,964.546,5667.98,5467027.44,3.76,205560.23,5261467.21,Bank Transfer,
Kavya Gokhale,09119856851,shlokmahajan@example.com,"62/379, Sachdev Marg, Muzaffarnagar-456179",Andhra Pradesh,2025-02-08,22K,Standard,761.133,5903.89,4493645.51,3.36,150986.49,4342659.02,UPI,Tempora ea dicta consectetur deserunt.
Rati Kant,05312348001,niyengar@example.com,"41, Dugar Path, Nashik 608718",Maharashtra,2023-09-24,18K,Pure,606.308,6321.61,3832842.72,2.48,95054.5,3737788.22,Cash,
Gokul Goel,+918073498441,pranaygara@example.org,"H.No. 351, Taneja Path, Haldia 896738",Maharashtra,2023-08-10,24K,Premium,974.002,5607.07,5461297.39,0.13,7099.69,5454197.7,Card,Ab veritatis minus ratione.
Akarsh Dhar,05414737889,dsastry@example.org,"796, Agarwal Zila, Baranagar 137618",Andhra Pradesh,2024-04-25,24K,Premium,623.707,6356.71,3964724.52,3.81,151056.0,3813668.52,Cash,
Vihaan Hayer,01749189068,hunarrastogi@example.com,"H.No. 11, Master Chowk, Ranchi 191647",Rajasthan,2024-05-04,18K,Premium,811.005,5143.93,4171752.95,0.57,23778.99,4147973.96,UPI,Minus sunt id.
Urvi Mandal,03595488626,nishith51@example.org,"84, Tailor Ganj, Surendranagar Dudhrej 103188",Delhi,2024-04-16,18K,Premium,962.069,5270.05,5070151.73,3.18,161230.83,4908920.9,Bank Transfer,
Urvi Goyal,8825847708,mamooty40@example.org,"32/518, Kakar Nagar, Ambarnath-051448",Kerala,2023-08-15,22K,Premium,913.113,6554.99,5985446.58,4.75,284308.71,5701137.87,Bank Transfer,
Nishith Taneja,3212369823,darshit87@example.com,"155, Amble Ganj, Rewa 319581",Karnataka,2024-09-11,24K,Pure,189.187,5673.99,1073445.15,1.51,16209.02,1057236.13,Cash,
Kaira Sridhar,02132061943,nitarachoudhary@example.net,"161, Jain Street, Tadepalligudem-996953",Andhra Pradesh,2025-04-11,22K,Standard,352.212,5769.72,2032164.62,2.05,41659.37,1990505.25,UPI,Optio sequi quidem et.
Anika Dada,+913191860126,auppal@example.net,"H.No. 13, Rama Circle, Ramagundam-811184",Maharashtra,2024-03-25,22K,Pure,843.297,6952.86,5863325.98,3.12,182935.77,5680390.21,Card,
Ishaan Virk,+919469442246,borradivyansh@example.com,"H.No. 998, Mahajan Zila, Nagaon-899406",Telangana,2024-02-03,24K,Premium,334.264,5755.01,1923692.66,1.66,31933.3,1891759.36,Bank Transfer,Ipsum illo minima itaque possimus hic.
Biju Srinivasan,+918054114345,baijudara@example.org,"15/620, Borde, Ambattur 166905",Delhi,2023-11-19,24K,Pure,589.979,5812.62,3429323.73,4.7,161178.22,3268145.51,Bank Transfer,
Yashvi Dugal,+916494963263,tatabadal@example.com,"51, Joshi, Rourkela 583687",Maharashtra,2023-10-04,24K,Standard,88.277,6447.27,569145.65,0.2,1138.29,568007.36,Card,Eos dignissimos placeat dolorum atque harum asperiores.
Anahita Bedi,+913672049060,pranay18@example.net,"52, Barad Road, Kulti-790779",Kerala,2023-05-30,22K,Standard,52.593,6365.68,334790.21,3.18,10646.33,324143.88,Cash,
Jivika Chandra,02623438520,pbajwa@example.org,"46/14, Deo Chowk, Nandyal 581936",Karnataka,2023-06-27,22K,Standard,676.231,5005.56,3384914.84,2.87,97147.06,3287767.78,Cash,
Kiara Kulkarni,9976554752,battadhruv@example.net,"H.No. 428, Karan Nagar, Hubli–Dharwad 513635",Delhi,2023-12-01,22K,Premium,50.986,6805.16,346967.89,4.08,14156.29,332811.6,Card,
Emir Swamy,+916706911392,gmaster@example.com,"01/088, Bail Road, Secunderabad 013628",Gujarat,2024-06-30,22K,Pure,461.432,6406.26,2956053.36,4.79,141594.96,2814458.4,Bank Transfer,
Arnav Thaman,+916816363186,bahrinehmat@example.org,"42/143, Gera Nagar, Latur 849068",Kerala,2024-07-17,18K,Pure,371.019,6049.69,2244549.93,2.56,57460.48,2187089.45,UPI,
Yashvi Dhingra,3499230359,anahitachatterjee@example.net,"H.No. 71, Salvi, Ramagundam 146945",Gujarat,2025-04-25,24K,Standard,411.199,5680.63,2335869.38,0.32,7474.78,2328394.6,UPI,
Urvi Deshpande,+914076780511,gshere@example.com,"88, Krish, Chennai-392205",Tamil Nadu,2025-01-06,24K,Standard,800.476,5755.42,4607075.58,1.68,77398.87,4529676.71,Card,Ea sed illo molestias.
Sahil Hari,01284445763,lavanyahora@example.org,"H.No. 00, Khanna Chowk, Phusro-209934",Karnataka,2023-11-02,18K,Standard,204.106,6623.29,1351853.23,2.73,36905.59,1314947.64,Cash,
Trisha Bail,+915101911730,rastogishaan@example.net,"398, Lal Zila, Srinagar-454035",Rajasthan,2024-10-13,18K,Premium,945.286,6153.38,5816703.97,2.02,117497.42,5699206.55,Cash,
Ryan Maharaj,+917360819569,neysabajwa@example.net,"066, Thakkar Nagar, Saharanpur 953122",West Bengal,2024-08-18,24K,Standard,5.196,5059.03,26286.72,4.24,1114.56,25172.16,Cash,
Shanaya Virk,+912062664157,stuvanuppal@example.com,"058, Sathe Path, Bidar-190623",Kerala,2023-10-14,24K,Pure,708.0,6764.19,4789046.52,0.26,12451.52,4776595.0,Cash,
Advika Rajan,+915428235861,umangjain@example.com,"38/41, Batta Nagar, Hosur 015496",Gujarat,2025-01-26,22K,Premium,195.996,5913.47,1159016.47,3.93,45549.35,1113467.12,Bank Transfer,
Rasha Doshi,+912588390831,nirvaan06@example.com,"54, Ram Chowk, Bettiah-230245",Kerala,2024-07-10,24K,Premium,352.638,5537.86,1952859.87,0.64,12498.3,1940361.57,Card,
Divij De,02930088142,krish12@example.com,"H.No. 663, Lala Chowk, Siliguri-977649",West Bengal,2024-02-18,18K,Standard,141.882,6048.34,858150.58,2.89,24800.55,833350.03,Bank Transfer,
Kiara Lal,07163264537,sachdevaojas@example.com,"87/70, Kohli Street, Bihar Sharif 054283",Kerala,2024-02-25,24K,Premium,553.607,5621.88,3112312.12,2.42,75317.95,3036994.17,Card,
Anya Kapur,9917247340,dhanushsibal@example.net,"H.No. 80, Gupta Chowk, Malegaon-099338",Maharashtra,2023-10-18,22K,Premium,780.982,5094.38,3978619.08,3.14,124928.64,3853690.44,Bank Transfer,
Hansh Sem,1008643999,miraanvasa@example.net,"83/24, Batra Path, Machilipatnam 102342",Maharashtra,2025-04-19,24K,Premium,338.057,6646.6,2246929.66,1.58,35501.49,2211428.17,Card,
Nirvi Walia,00464173221,urvi74@example.net,"06/70, Sami Chowk, Baranagar-201188",Andhra Pradesh,2024-01-30,22K,Pure,879.719,6356.96,5592338.49,1.66,92832.82,5499505.67,Card,Commodi nobis necessitatibus quod.
Pranay Saraf,0485528440,stuvan51@example.org,"64/996, Ravi Zila, Mehsana 378671",Rajasthan,2023-10-23,24K,Standard,359.37,6629.91,2382590.76,0.49,11674.69,2370916.07,UPI,
Prerak Rege,04536360761,dchadha@example.com,"500, Grewal Nagar, Etawah-921154",West Bengal,2024-05-24,22K,Standard,967.124,5143.27,4974179.86,2.25,111919.05,4862260.81,Card,
Taran Dhar,+916529421605,ikarpe@example.com,"47, Sarraf, Deoghar 584328",Karnataka,2024-10-06,22K,Pure,601.429,6850.33,4119987.12,2.11,86931.73,4033055.39,Cash,
Rasha Jha,4762914764,vhanda@example.net,"H.No. 50, Sabharwal, Anantapuram 703764",Delhi,2024-08-27,24K,Premium,480.792,5760.28,2769496.54,3.01,83361.85,2686134.69,Card,
Ryan Anne,0425562457,anayasaha@example.net,"61, Shanker Road, Visakhapatnam-812062",Telangana,2025-01-25,24K,Pure,99.431,6377.24,634095.35,2.09,13252.59,620842.76,Cash,
Diya Ghosh,01890626317,wgolla@example.net,"H.No. 618, Keer Chowk, Gandhidham-191102",Kerala,2024-07-01,22K,Premium,645.505,6234.32,4024284.73,4.34,174653.96,3849630.77,Bank Transfer,
Anvi Arora,07544529613,heer44@example.net,"04/82, Taneja Marg, Sri Ganganagar 080085",Kerala,2023-12-21,18K,Standard,670.181,6252.0,4189971.61,3.35,140364.05,4049607.56,Card,
Shayak Ramesh,+913221926035,samaira43@example.org,"H.No. 576, Sidhu Road, Nanded-106063",Delhi,2024-06-04,18K,Premium,564.69,6266.39,3538567.77,3.34,118188.16,3420379.61,Card,Nostrum nobis optio accusantium fugiat assumenda reiciendis.
Ishita Din,+910837491464,manikya12@example.org,"H.No. 287, Gandhi Path, Gudivada-981439",Kerala,2024-11-23,24K,Pure,166.53,5310.77,884402.53,4.46,39444.35,844958.18,Cash,
Zara Bhandari,1962842361,bakshielakshi@example.com,"631, Cherian Circle, Jaunpur-515578",Gujarat,2023-08-13,24K,Pure,343.518,5740.1,1971827.67,3.44,67830.87,1903996.8,Card,Placeat corrupti voluptate assumenda veniam quo.
Onkar Bhasin,9331083933,sandalranbir@example.com,"48/11, Dhillon Street, Jalandhar-676401",Delhi,2023-10-31,22K,Standard,498.79,6254.45,3119657.12,0.5,15598.29,3104058.83,Cash,
Prisha Mani,1823749116,behlmiraan@example.org,"H.No. 10, Cherian Zila, Barasat 691693",Delhi,2024-03-21,18K,Standard,49.757,5415.17,269442.61,3.76,10131.04,259311.57,Card,
Siya Chad,00399495783,devisamiha@example.net,"67, Mahajan Path, Khammam 960421",Andhra Pradesh,2024-03-19,22K,Standard,648.357,6614.98,4288868.59,1.64,70337.44,4218531.15,Cash,
Dhanush Kakar,8577559859,mdoctor@example.com,"20, Sampath Nagar, Morbi 985805",Delhi,2024-08-19,24K,Premium,774.982,5312.02,4116719.88,4.53,186487.41,3930232.47,Cash,
Kimaya Lata,8200773552,riya97@example.com,"H.No. 17, Kala Path, Kishanganj-703321",Telangana,2024-09-07,22K,Standard,350.555,5319.3,1864707.21,1.49,27784.14,1836923.07,Card,
Romil Jha,2962896268,borahivana@example.org,"28/599, Sura Street, Pune 686825",Karnataka,2025-04-01,24K,Pure,378.241,6539.82,2473628.06,0.67,16573.31,2457054.75,Cash,
Neysa Karnik,9515615120,nakulbassi@example.net,"00/784, Loke Zila, Nadiad 902558",Kerala,2024-09-17,24K,Premium,8.896,6810.36,60584.96,0.52,315.04,60269.92,Cash,Praesentium ullam reprehenderit minima excepturi ad nostrum impedit.
Dishani Borra,+912777596703,rkothari@example.com,"H.No. 50, Hari, Karnal-546426",Tamil Nadu,2025-05-14,22K,Standard,884.683,5341.89,4725879.27,2.66,125708.39,4600170.88,Bank Transfer,
Lagan Chowdhury,1418018555,srinivasangatik@example.net,"H.No. 91, Ranganathan Nagar, Siwan 263373",Delhi,2024-08-30,24K,Premium,208.165,5205.97,1083700.75,4.02,43564.77,1040135.98,Card,Aspernatur illo modi.
Kaira Chopra,+917796245986,adugar@example.org,"29/789, Subramaniam Path, Rampur-961204",Gujarat,2024-11-20,24K,Standard,967.313,5526.28,5345642.49,0.85,45437.96,5300204.53,Bank Transfer,
Eva Sachdev,07204656325,gaderati@example.net,"H.No. 97, Manda Marg, Hyderabad 926317",Maharashtra,2024-10-05,18K,Premium,348.903,6446.03,2249039.21,0.7,15743.27,2233295.94,Bank Transfer,
Kashvi Shere,5519160225,kulkarniayesha@example.net,"422, Dubey Chowk, Shimoga-035226",Tamil Nadu,2023-07-18,24K,Pure,76.261,5569.81,424759.28,2.46,10449.08,414310.2,Cash,
Kavya Bhandari,0174846692,varmafateh@example.org,"96/282, Sankaran Circle, Pimpri-Chinchwad-123812",Gujarat,2023-10-31,22K,Premium,680.141,5868.05,3991101.4,1.25,49888.77,3941212.63,Bank Transfer,
Himmat Mall,+910311756226,asingh@example.org,"H.No. 35, Deep Ganj, Noida 562456",Maharashtra,2024-02-06,24K,Standard,17.214,5702.43,98161.63,1.61,1580.4,96581.23,UPI,Blanditiis veritatis exercitationem facere reiciendis aliquam.
Nitara Ganguly,+919872262058,barmancharvi@example.org,"569, Reddy Marg, Salem-751276",Karnataka,2024-06-16,18K,Pure,542.539,5972.03,3240059.18,3.94,127658.33,3112400.85,Card,
Navya Bora,+914288913824,mahajantaimur@example.com,"H.No. 36, Sawhney Nagar, Srinagar 527601",Rajasthan,2023-09-11,18K,Standard,765.831,5007.27,3834722.59,0.61,23391.81,3811330.78,Bank Transfer,
Badal Bahl,0127818376,danishaan@example.net,"H.No. 677, Ben Ganj, Bhusawal-103165",West Bengal,2024-09-03,18K,Standard,592.446,5353.66,3171754.45,2.15,68192.72,3103561.73,UPI,Excepturi doloribus necessitatibus.
Hunar Khosla,+916259200949,atwalgokul@example.com,"041, Sarma Ganj, Jalna-232144",Delhi,2023-11-08,22K,Standard,964.058,5772.13,5564668.1,2.57,143011.97,5421656.13,Cash,
Yakshit Ahluwalia,2753766881,dishani08@example.com,"H.No. 298, Banerjee Nagar, Madurai 666034",Tamil Nadu,2024-06-11,18K,Pure,588.112,5403.48,3177851.43,0.12,3813.42,3174038.01,UPI,Aliquam inventore harum qui odio officia quo.
Riaan Datta,9336698565,dhanuk85@example.net,"H.No. 407, Dube Nagar, Proddatur 961772",Delhi,2024-05-01,18K,Pure,297.996,5817.34,1733544.05,0.55,9534.49,1724009.56,Bank Transfer,
Oorja Deshpande,5394556793,prerak38@example.net,"H.No. 12, Singh Circle, Bijapur-496231",Delhi,2024-09-27,18K,Premium,681.348,5166.21,3519986.85,2.31,81311.7,3438675.15,Cash,Repellendus repellat voluptate nisi sit voluptate.
Jayesh Raja,+919320682627,divijtoor@example.com,"97, Garde Circle, Gandhinagar-996562",West Bengal,2023-07-16,22K,Standard,12.648,5129.1,64872.86,1.04,674.68,64198.18,Bank Transfer,Eveniet odio vero illo porro deserunt aliquam.
Onkar Sane,09451820510,mishtiraju@example.com,"H.No. 06, Guha Road, Bhavnagar-568749",Andhra Pradesh,2023-08-11,22K,Premium,541.779,6534.1,3540038.16,3.8,134521.45,3405516.71,Cash,
Fateh Maharaj,1697445691,samairaravel@example.com,"47, Mann, Sasaram-773950",Rajasthan,2024-11-02,18K,Premium,536.0,5388.88,2888439.68,1.0,28884.4,2859555.28,Card,
Sara Gandhi,00668778372,romil78@example.com,"H.No. 45, Kale Street, Faridabad-683823",Karnataka,2025-05-11,22K,Pure,103.784,5210.12,540727.09,0.52,2811.78,537915.31,Bank Transfer,Tenetur harum in aliquid totam.
Nayantara Buch,+919006374475,solankidhruv@example.com,"H.No. 458, Sehgal Ganj, Madurai 698154",Delhi,2024-08-08,18K,Premium,498.457,6585.65,3282663.34,2.64,86662.31,3196001.03,Cash,Veniam totam aliquam quos accusamus sequi voluptas animi.
Adah Dalal,5209044500,yakshitchakraborty@example.com,"51, Dar Road, Unnao 790886",Rajasthan,2024-04-08,24K,Pure,894.52,5315.43,4754758.44,1.55,73698.76,4681059.68,UPI,Voluptatum reiciendis exercitationem dignissimos corrupti earum.
Jayan Vala,5833550375,walikhushi@example.net,"64/09, Ram Circle, Tadipatri 269193",Tamil Nadu,2024-12-25,24K,Premium,517.335,6479.09,3351860.03,4.71,157872.61,3193987.42,Cash,
Yashvi Setty,+913538378469,ladfaiyaz@example.net,"458, Zachariah Chowk, Sambhal 737775",Gujarat,2023-06-06,22K,Premium,567.527,6020.47,3416779.28,3.35,114462.11,3302317.17,Bank Transfer,Sequi suscipit minus aliquam harum.
Ivana Chauhan,3259549057,anahi85@example.org,"H.No. 55, Andra Marg, Jaipur 751480",West Bengal,2025-01-08,24K,Premium,584.473,6054.33,3538592.42,3.46,122435.3,3416157.12,Bank Transfer,
Dhanush Bhatti,9829155517,kartik54@example.org,"H.No. 302, Karan Circle, Aurangabad-093725",West Bengal,2024-12-10,18K,Pure,439.342,6151.5,2702612.31,0.24,6486.27,2696126.04,Bank Transfer,
Nakul Desai,01808250705,ijayaraman@example.org,"08, Sehgal Street, Katni-180600",Tamil Nadu,2024-03-31,24K,Standard,976.242,5085.74,4964912.99,0.82,40712.29,4924200.7,Bank Transfer,
Mohanlal Ranganathan,00034963935,hrishitashanker@example.com,"79/304, Hayer Zila, Jamnagar 627208",Karnataka,2024-01-10,24K,Premium,277.828,5069.86,1408549.06,0.97,13662.93,1394886.13,Card,
Kavya Sandal,1086389974,doraranbir@example.com,"H.No. 962, Shukla Ganj, Serampore 035716",West Bengal,2023-12-21,24K,Premium,780.094,5760.62,4493825.1,1.48,66508.61,4427316.49,Cash,Iure repellendus mollitia aspernatur unde officia.
Advika Tiwari,8752072513,evasunder@example.net,"31/423, Choudhary Circle, Bhusawal 445925",Karnataka,2025-01-14,18K,Pure,523.65,6463.15,3384428.5,3.03,102548.18,3281880.32,UPI,Facere eaque a non consequatur blanditiis.
Navya Randhawa,+918203447705,adirachand@example.net,"H.No. 818, Taneja Nagar, Bhatpara-542445",Tamil Nadu,2024-02-10,24K,Standard,658.096,5418.6,3565958.99,0.11,3922.55,3562036.44,Card,Debitis consectetur numquam nemo minima nihil expedita.
Damini Deshmukh,+913512514005,renee72@example.net,"H.No. 326, Sachdeva Nagar, Jalna 119412",West Bengal,2024-06-29,22K,Premium,218.569,6081.72,1329275.46,2.0,26585.51,1302689.95,Card,
Dhanuk Kapoor,4898579356,dkumar@example.com,"H.No. 930, Dey Nagar, Thoothukudi-080822",Kerala,2024-03-06,18K,Pure,615.926,5173.87,3186721.05,1.64,52262.23,3134458.82,Card,Voluptates dolorem odit vel.
Seher Cheema,5762415192,thakermiraya@example.net,"H.No. 349, Borra Street, Kamarhati 343445",Gujarat,2023-12-07,18K,Standard,482.943,5450.23,2632150.43,1.68,44220.13,2587930.3,Cash,
Kaira Shanker,+912289607316,vidur42@example.org,"H.No. 32, Upadhyay Path, Raurkela Industrial Township-933083",Gujarat,2024-03-03,22K,Pure,797.338,5759.81,4592515.39,2.94,135019.95,4457495.44,Bank Transfer,
Tiya Tata,8417273358,vivaandutta@example.net,"91, Sachdeva Chowk, Amritsar 108954",Delhi,2024-09-17,24K,Pure,430.725,6396.17,2754990.32,0.35,9642.47,2745347.85,Bank Transfer,
Rhea Koshy,02386971746,shadhanush@example.com,"995, Rajagopal, Parbhani-333525",Karnataka,2025-02-19,24K,Standard,478.891,6968.45,3337127.99,2.14,71414.54,3265713.45,Bank Transfer,
Kismat Banerjee,08663171974,uthkarsh47@example.com,"184, Kara, Kamarhati 809115",Karnataka,2024-10-17,22K,Premium,53.442,5830.46,311591.44,0.08,249.27,311342.17,Card,
Misha Banik,00164982013,ramaswamyarhaan@example.com,"41/34, Balakrishnan Circle, Navi Mumbai-809706",Delhi,2024-05-21,18K,Premium,345.081,5895.38,2034383.63,1.68,34177.64,2000205.99,UPI,
Kanav Wason,1844997362,alata@example.com,"394, Subramaniam Street, Etawah-113634",Karnataka,2024-11-12,18K,Pure,765.564,5834.23,4466476.46,2.35,104962.2,4361514.26,Cash,
Zoya Kant,+919788849855,dashzaina@example.com,"62/38, Sehgal Street, Bardhaman-787446",Delhi,2023-08-22,24K,Pure,62.835,6770.84,425445.73,1.93,8211.1,417234.63,Bank Transfer,
Taimur Gour,+919274592646,chandranyuvaan@example.org,"H.No. 966, Brahmbhatt Ganj, Agra-241190",Gujarat,2024-11-13,22K,Premium,916.626,5634.27,5164518.37,4.7,242732.36,4921786.01,Bank Transfer,
Abram Handa,07779873245,vvirk@example.org,"183, Mangal Circle, Kakinada-621634",Andhra Pradesh,2023-07-29,24K,Standard,577.57,5734.37,3312000.08,2.99,99028.8,3212971.28,UPI,
Anaya Krishna,07041630712,vaibhavgour@example.net,"769, Kar Nagar, Buxar 349632",Tamil Nadu,2024-08-17,18K,Standard,82.723,6332.05,523806.17,1.94,10161.84,513644.33,UPI,Cum perferendis eveniet repellat assumenda.
Samarth Loke,08808483811,zainasubramanian@example.com,"08/900, Tank Path, Alwar-333375",Karnataka,2023-08-29,18K,Standard,316.063,5795.65,1831790.53,0.18,3297.22,1828493.31,Bank Transfer,
Vardaniya Mani,4556920597,kashvidixit@example.com,"93/771, Bahri Circle, Bharatpur 174406",Karnataka,2025-03-24,24K,Standard,471.285,5260.61,2479246.58,3.88,96194.77,2383051.81,UPI,Quo modi iure laboriosam eligendi pariatur quas.
Faiyaz Atwal,0723263857,ranganathantanya@example.org,"H.No. 657, Rout Street, Rajpur Sonarpur-732279",Gujarat,2024-10-14,24K,Standard,739.439,6294.27,4654228.71,0.27,12566.42,4641662.29,Card,Quo optio neque laboriosam sit temporibus.
Kashvi Kumar,+913006642425,urama@example.com,"38/19, Chander Street, Surat-884161",Karnataka,2024-09-15,24K,Standard,157.972,5459.1,862384.95,2.67,23025.68,839359.27,UPI,
Amani Bansal,09920571203,achaudry@example.net,"61/140, Chhabra Nagar, Kozhikode 716723",Tamil Nadu,2024-03-01,18K,Standard,732.853,6048.42,4432602.74,0.97,42996.25,4389606.49,Card,Laudantium illo sed hic modi.
Faiyaz Sampath,1013011392,aaryahisama@example.net,"89, Dhaliwal Road, Mangalore-576348",Gujarat,2024-06-17,24K,Premium,83.93,6664.3,559334.7,0.37,2069.54,557265.16,Bank Transfer,
Pihu Kothari,03003935729,gshan@example.org,"89, Viswanathan, Fatehpur 899617",Telangana,2023-12-17,22K,Pure,381.252,6253.86,2384296.63,2.73,65091.3,2319205.33,Cash,
Arhaan Dua,01703045283,anay62@example.org,"86/88, Ramakrishnan Road, Arrah-097919",Kerala,2024-11-10,22K,Pure,296.618,5952.92,1765743.22,4.54,80164.74,1685578.48,UPI,Id amet impedit soluta ab officiis nam.
Vidur Contractor,9482316365,samaira26@example.org,"H.No. 78, Balakrishnan Chowk, Kishanganj-043297",Telangana,2025-01-29,24K,Standard,81.059,5863.93,475324.3,1.32,6274.28,469050.02,UPI,
Vritika Chhabra,07326310626,alisha76@example.net,"006, Wable Chowk, Loni 065097",Karnataka,2025-02-27,22K,Standard,233.731,5106.14,1193463.21,3.11,37116.71,1156346.5,Bank Transfer,
Vaibhav Sahni,04562166938,eshanibawa@example.net,"58/671, Kurian Zila, Kanpur-057823",Gujarat,2025-01-02,18K,Standard,876.787,6319.26,5540645.02,3.4,188381.93,5352263.09,Bank Transfer,
Aaina Luthra,+910091292269,ydubey@example.org,"H.No. 87, Chaudhuri Road, Panihati 735812",West Bengal,2023-12-03,18K,Standard,147.193,5754.3,846992.68,1.75,14822.37,832170.31,Bank Transfer,
Kismat Konda,04661139045,kohliamani@example.com,"H.No. 05, Gandhi Circle, Sagar-955246",Delhi,2024-06-04,24K,Pure,338.035,6710.2,2268282.46,1.46,33116.92,2235165.54,UPI,
Ayesha Wagle,03803648282,varughesevardaniya@example.org,"H.No. 92, Goswami Path, Burhanpur 072223",Karnataka,2025-01-15,18K,Premium,868.183,6024.3,5230194.85,2.52,131800.91,5098393.94,Cash,
Emir Kapadia,+910161612983,rkohli@example.org,"868, Dey Road, Berhampore-421798",Kerala,2023-06-30,18K,Pure,341.399,5882.05,2008125.99,4.58,91972.17,1916153.82,UPI,
Armaan Kala,06486702931,fatehbose@example.org,"664, Maharaj Road, New Delhi-051365",Rajasthan,2024-04-17,22K,Pure,230.814,6058.73,1398439.71,1.65,23074.26,1375365.45,UPI,
Jhanvi Sunder,09297999637,nehmat30@example.org,"246, Brar Marg, Hyderabad-290935",Kerala,2024-10-16,22K,Standard,133.704,6183.49,826757.35,4.11,33979.73,792777.62,UPI,
Akarsh Gopal,05144132322,kashvilal@example.net,"H.No. 506, Sathe Chowk, Burhanpur 847040",Andhra Pradesh,2023-07-15,24K,Premium,128.363,5186.53,665758.55,0.12,798.91,664959.64,Cash,
Diya Arya,4478224874,shlok39@example.net,"827, Sandal Path, Anand 683476",Rajasthan,2025-05-29,22K,Standard,251.703,5375.31,1352981.65,1.6,21647.71,1331333.94,Bank Transfer,
Keya Ramakrishnan,7824124018,tandonsamiha@example.com,"30/460, Comar Street, Thiruvananthapuram 496982",Andhra Pradesh,2023-11-11,18K,Pure,712.979,6744.19,4808465.84,0.42,20195.56,4788270.28,Bank Transfer,
Emir Subramaniam,2504538003,dubevritika@example.org,"H.No. 118, Comar Ganj, Nagaon-877607",Rajasthan,2023-12-21,22K,Premium,670.043,6465.95,4332464.54,0.8,34659.72,4297804.82,Card,
Armaan Khanna,+911437090180,divitdara@example.com,"98, Deol Path, Katni-438613",Karnataka,2024-05-01,24K,Premium,638.336,6754.75,4311800.1,0.05,2155.9,4309644.2,UPI,
Purab Chand,01269917112,samarkorpal@example.net,"H.No. 389, Vig Nagar, Amroha 635580",Gujarat,2025-02-22,22K,Standard,768.8,6896.05,5301683.24,3.06,162231.51,5139451.73,UPI,
Anahi De,0132974922,takzoya@example.net,"31/13, Bath Path, Tiruchirappalli 197913",Delhi,2024-02-08,22K,Pure,30.229,6541.61,197746.33,3.97,7850.53,189895.8,Cash,
Gokul Khare,0824446866,bhardwajpurab@example.com,"534, Sastry Ganj, Dindigul 841890",Maharashtra,2024-08-16,22K,Standard,975.369,6582.41,6420278.66,0.9,57782.51,6362496.15,Cash,
Pranay Dutt,5993670464,aarnabuch@example.com,"87, Srinivasan Chowk, Vellore-141241",West Bengal,2023-10-14,24K,Standard,714.376,6317.66,4513184.68,1.91,86201.83,4426982.85,Bank Transfer,
Ojas Khalsa,08682566354,nitara14@example.org,"H.No. 28, Mahajan Zila, Chandigarh-627179",Karnataka,2024-11-01,22K,Pure,516.519,5187.27,2679323.51,2.87,76896.58,2602426.93,UPI,
Aarush Sengupta,+918390116949,chadhunar@example.com,"54/528, Kumer Marg, North Dumdum-763531",Telangana,2024-09-27,24K,Pure,424.613,5608.56,2381467.49,1.61,38341.63,2343125.86,UPI,
Baiju Arora,2421083897,nayantara08@example.com,"H.No. 47, Vohra Ganj, Ujjain 339630",Delhi,2025-02-06,24K,Standard,808.581,5617.46,4542171.42,2.89,131268.75,4410902.67,Cash,
Nitya Sastry,6415211382,samrakismat@example.net,"H.No. 442, Tripathi Marg, Mathura 630675",Karnataka,2024-07-13,24K,Standard,218.254,6300.64,1375139.88,1.39,19114.44,1356025.44,Bank Transfer,
Yakshit Bal,3095578867,sarnazoya@example.org,"85/26, Lalla Nagar, Thrissur 501536",Kerala,2024-12-27,24K,Standard,829.205,5418.92,4493395.56,3.51,157718.18,4335677.38,Bank Transfer,Rem deleniti suscipit ipsum sed deleniti autem.
Jivin Agrawal,02679318330,berakhushi@example.com,"H.No. 75, Kapadia Zila, Belgaum-731366",Delhi,2023-07-27,22K,Standard,167.536,5787.67,969643.08,0.87,8435.89,961207.19,UPI,
Nitya Anand,+916076682938,zdass@example.com,"31, Kuruvilla Circle, Begusarai 915154",Kerala,2024-07-20,18K,Standard,578.811,5325.67,3082556.38,4.88,150428.75,2932127.63,Card,
Saanvi Sur,5063158964,waurora@example.com,"361, Varghese Ganj, Chandrapur 613657",Maharashtra,2024-09-24,22K,Premium,444.284,5248.7,2331913.43,4.86,113330.99,2218582.44,Bank Transfer,
Saanvi Ghose,01798052913,daryakshit@example.com,"98/184, Anand Street, Ratlam-826303",Gujarat,2023-12-26,18K,Standard,722.021,5117.73,3695108.53,2.51,92747.22,3602361.31,Card,Error libero iusto nam neque.
Ahana  Sane,3825474651,choudharyvanya@example.com,"701, Agate, Mirzapur-728919",Rajasthan,2024-09-04,22K,Pure,337.431,6417.96,2165618.66,2.44,52841.1,2112777.56,UPI,
Charvi Gade,1849483494,riyadugar@example.com,"28, Guha Chowk, Saharsa 968166",Gujarat,2025-05-09,18K,Premium,36.233,6245.36,226288.13,3.41,7716.43,218571.7,Card,
Shalv Dugar,+915763146209,anahi93@example.net,"H.No. 66, Tiwari Nagar, Mau 037852",Rajasthan,2023-11-17,24K,Standard,189.757,5478.78,1039636.86,0.35,3638.73,1035998.13,Bank Transfer,
Mamooty Bhatnagar,8681834372,ldugar@example.net,"59/40, Dhar Zila, Tiruvottiyur 571134",Karnataka,2024-06-04,24K,Standard,283.15,5928.29,1678595.31,0.56,9400.13,1669195.18,Cash,
Madhav Jaggi,+915188080255,samrabaiju@example.net,"34, Yogi Nagar, Tinsukia-344820",Delhi,2024-08-06,24K,Pure,351.446,5405.33,1899681.61,1.64,31154.78,1868526.83,Card,Accusamus quia aut.
Bhavin Aggarwal,08948886490,vritika38@example.com,"85, Chada Path, Hosur-389140",Andhra Pradesh,2023-10-10,24K,Standard,785.816,5663.53,4450492.49,0.63,28038.1,4422454.39,Cash,
Devansh Hayre,+911976077844,zeeshan66@example.org,"H.No. 96, Saraf Path, Berhampur-838691",Telangana,2024-04-14,24K,Standard,13.238,6907.57,91442.41,3.17,2898.72,88543.69,Card,Delectus ab quidem fuga.
Krish Dubey,07391732865,priyanshchada@example.com,"889, Kala Road, Sri Ganganagar-104865",Kerala,2024-06-01,18K,Standard,472.256,6273.98,2962924.7,4.89,144887.02,2818037.68,Card,
Chirag Kara,06333583380,farhan36@example.org,"H.No. 344, Saran Road, Jamalpur-672852",Telangana,2023-11-03,22K,Premium,224.876,6401.58,1439561.7,1.07,15403.31,1424158.39,Cash,
Azad Manne,08181490403,mehul90@example.net,"46/179, Jaggi Chowk, Amravati-440641",Karnataka,2024-12-31,24K,Premium,550.221,6840.37,3763715.22,4.0,150548.61,3613166.61,UPI,
Ranbir Hora,03202470143,mrajagopal@example.com,"768, Setty Chowk, Kumbakonam-096965",Delhi,2023-11-10,24K,Standard,343.856,5382.51,1850808.36,0.45,8328.64,1842479.72,Card,
Nitya Chana,5917330145,laddarshit@example.org,"H.No. 845, Mahal Path, New Delhi-318367",Karnataka,2023-10-06,24K,Standard,389.387,5592.12,2177498.83,1.36,29613.98,2147884.85,Card,
Kabir Sabharwal,+916357815787,shayak55@example.org,"77/49, Behl Ganj, Pimpri-Chinchwad 784092",Maharashtra,2024-11-14,18K,Pure,36.315,5890.88,213927.31,0.11,235.32,213691.99,Card,
Zaina Devi,5053364771,kshukla@example.org,"277, Guha, Bhiwani-175613",Andhra Pradesh,2025-03-02,22K,Premium,354.043,5113.34,1810342.23,4.86,87982.63,1722359.6,Card,
Yasmin Buch,6278000539,njayaraman@example.net,"56/004, Lall Marg, Sri Ganganagar-233281",Karnataka,2024-02-26,22K,Premium,790.027,6418.62,5070883.1,2.93,148576.87,4922306.23,UPI,
Sana Viswanathan,3837231110,armaan82@example.com,"71/00, Wali Zila, Rajahmundry 900371",West Bengal,2024-11-05,18K,Premium,282.686,5544.91,1567468.43,1.38,21631.06,1545837.37,Card,Veniam ex nihil magnam.
Tanya Bhagat,+910766361897,ubahri@example.org,"H.No. 360, Saha Marg, Chandigarh 511303",Rajasthan,2024-08-08,22K,Premium,650.145,5479.44,3562430.52,0.71,25293.26,3537137.26,Cash,
Adah Seshadri,08149014273,kondatara@example.net,"82/44, Wadhwa Marg, Bardhaman-455475",Tamil Nadu,2024-07-24,22K,Pure,655.435,6764.26,4433532.75,2.68,118818.68,4314714.07,Card,
Parinaaz Das,6160549478,taran34@example.org,"69, Manda Zila, Bhubaneswar 317337",Karnataka,2024-08-29,22K,Standard,480.387,6869.55,3300042.52,2.7,89101.15,3210941.37,Card,
Heer Loke,+911702795686,nitya79@example.org,"66/523, Bhalla Ganj, Ranchi-078103",Andhra Pradesh,2025-01-11,22K,Premium,475.842,5767.47,2744404.46,0.87,23876.32,2720528.14,Bank Transfer,Incidunt tenetur quo hic doloribus.
Hunar Sodhi,+915119047103,charvi88@example.org,"H.No. 83, Kaul Zila, Fatehpur-160931",Karnataka,2024-06-28,22K,Pure,512.371,6977.58,3575109.64,2.96,105823.25,3469286.39,Bank Transfer,
Abram Hayre,+916613804539,hrout@example.org,"77, Mand Nagar, Jabalpur-276344",Delhi,2024-08-31,22K,Premium,775.531,5068.07,3930445.4,2.29,90007.2,3840438.2,Card,
Adah Tella,08294065627,yuvraj-shere@example.net,"309, Guha Circle, Kanpur 446133",Gujarat,2025-04-06,24K,Premium,179.581,5779.65,1037915.33,0.89,9237.45,1028677.88,Card,
Purab Thaker,1279746294,boraanahita@example.org,"084, Kothari Circle, Mahbubnagar 442354",Delhi,2024-07-16,18K,Pure,503.749,5061.59,2549770.9,3.9,99441.07,2450329.83,UPI,Quia expedita vel tenetur ipsam eligendi.
Manikya Loke,6021258549,shray26@example.net,"43, Soni Circle, Thrissur 932296",Rajasthan,2024-01-20,18K,Premium,313.642,6687.12,2097361.69,0.38,7969.97,2089391.72,UPI,
Tara Bora,+915658206171,bainssiya@example.com,"020, Goswami Marg, Vijayanagaram-703991",Telangana,2023-09-15,24K,Standard,373.573,6878.74,2569711.54,1.13,29037.74,2540673.8,UPI,
Jivin Yohannan,+911228857959,mamooty92@example.org,"28/458, Yogi Path, Tumkur 474344",Andhra Pradesh,2024-03-30,24K,Standard,960.076,5846.25,5612844.32,4.25,238545.88,5374298.44,Bank Transfer,
Riya Kade,08724871602,sanemanikya@example.org,"328, Sharma Marg, Satna-600617",Telangana,2024-01-23,22K,Standard,780.933,6834.06,5336942.98,4.83,257774.35,5079168.63,Card,Reprehenderit repellat tenetur enim optio doloribus.
Piya Khurana,+913879403946,bainsaarush@example.com,"907, Zachariah Circle, Jabalpur 757840",Telangana,2024-02-06,24K,Standard,336.775,6713.74,2261019.79,2.54,57429.9,2203589.89,UPI,
